@Book{Quinlan:1993,
  author	= {John R. Quinlan},
  title		= {{C4.5}: Programs for Machine Learning},
  publisher	= {Morgan Kaufmann},
  address	= {San Mateo},
  year		= {1993} 
} 

@Book{Breiman+Friedman+Olshen:1984,
  author	= {Leo Breiman and Jerome H. Friedman and Richard A. Olshen and Charles J. Stone},
  title		= {Classification and Regression Trees},
  year		= {1984},
  publisher	= {Wadsworth},
  address	= {California} 
} 

@Article{Hothorn+Hornik+Zeileis:2006,
  author	= {Torsten Hothorn and Kurt Hornik and Achim Zeileis},
  title		= {Unbiased Recursive Partitioning: {A} Conditional Inference Framework},
  journal	= {Journal of Computational and Graphical Statistics},
  year		= {2006},
  volume	= {15},
  number	= {3},
  pages		= {651--674},
}

@Article{Loh:2002,
  author	= {Wei-Yin Loh},
  title		= {Regression Trees with Unbiased Variable Selection and Interaction Detection},
  journal	= {Statistica Sinica},
  pages		= {361--386},
  year		= {2002},
  volume	= {12}
}

@Article{Loh+Shih:1997,
  author	= {Wei-Yin Loh and Yu-Shan Shih},
  title		= {Split Selection Methods for Classification Trees},
  journal	= {Statistica Sinica},
  pages		= {815-840},
  year		= {1997},
  volume	= {7}
}

@Article{Morgan+Sonquist:1963,
  author	= {James N. Morgan and John A. Sonquist},
  title		= {Problems in the Analysis of Survey Data, and a Proposal},
  journal	= {Journal of the American Statistical Association},
  pages		= {415--434},
  year		= {1963},
  volume	= {58}
}

@Article{Zeileis+Hothorn+Hornik:2008,
  author	= {Achim Zeileis and Torsten Hothorn and Kurt Hornik},
  title		= {Model-Based Recursive Partitioning},
  journal	= {Journal of Computational and Graphical Statistics},
  year		= {2008},
  volume	= {17},
  number	= {2},
  pages		= {492--514},
}

@Article{Loh:2014,
  author	= {Wei-Yin Loh},
  title		= {Fifty Years of Classification and Regression Trees},
  journal	= {International Statistical Review},
  year		= {2014},
  volume	= {82},
  number	= {3},
  pages		= {329--348}
}

@Book{Witten+Frank:2005,
  title	       = {Data Mining: Practical Machine Learning Tools and Techniques},
  author       = {Ian H. Witten and Eibe Frank},
  year	       = {2005},
  edition      = {2nd},
  publisher    = {Morgan Kaufmann},
  address      = {San Francisco},
}

@Article{Theussl+Zeileis:2009,
  author	= {Stefan Theu{\ss}l and Achim Zeileis},
  title		= {Collaborative Software Development Using \proglang{R}-{F}orge},
  journal	= {The \proglang{R} Journal},
  year		= {2009},
  volume	= {1},
  number	= {1},
  pages		= {9--14},
  month		= {May},
}

@Manual{R,
  title		= {\proglang{R}: {A} Language and Environment for
		   Statistical Computing},
  author	= {{\proglang{R} Core Team}},
  organization	= {\proglang{R} Foundation for Statistical Computing},
  address	= {Vienna, Austria},
  year		= {2014},
  url		= {http://www.R-project.org/}
}

@Manual{party,
  title		= {\pkg{party}: A Laboratory for Recursive Partytioning},
  author	= {Torsten Hothorn and Kurt Hornik and Carolin Strobl and Achim Zeileis},
  year		= {2015},
  note		= {\proglang{R} package version 1.0-20},
  url		= {http://CRAN.R-project.org/package=party}
}

@TechReport{rpart,
  author	= {Terry M. Therneau and Elizabeth J. Atkinson},
  title		= {An Introduction to Recursive Partitioning Using the \pkg{rpart} Routine},
  year		= {1997},
  type		= {Technical Report},
  number	= {61},
  institution	= {Section of Biostatistics, Mayo Clinic, Rochester},
  url		= {http://www.mayo.edu/hsr/techrpt/61.pdf}
}

@Article{evtree,
  author	= {Thomas Grubinger and Achim Zeileis and Karl-Peter Pfeiffer},
  title		= {\pkg{evtree}: Evolutionary Learning of Globally Optimal
  		   Classification and Regression Trees in \proglang{R}},
  journal	= {Journal of Statistical Software},
  year		= {2014},
  volume	= {61},
  number	= {1},
  month	        = {1--29},
}

@Article{RWeka,
  author	= {Kurt Hornik and Christian Buchta and Achim Zeileis},
  title		= {Open-Source Machine Learning: \proglang{R} Meets \pkg{Weka}},
  journal	= {Computational Statistics},
  year		= {2009},
  volume	= {24},
  number	= {2},
  pages		= {225--232},
}

@Misc{ctv,
  author	= {Torsten Hothorn},
  title		= {{CRAN} Task View: Machine Learning \& Statistical Learning},
  year		= {2014},
  note		= {Version~2014-12-18},
  url		= {http://CRAN.R-project.org/view=MachineLearning},
}

@Misc{DMG:2014,
  author	= {{Data Mining Group}},
  title		= {Predictive Model Markup Language},
  year		= {2014},
  note		= {Version~4.2},
  url		= {http://www.dmg.org/}
}

@article{Meinshausen:2006,
  author	= {Nicolai Meinshausen},
  title		= {Quantile Regression Forests},
  year		= {2006},
  journal	= {Journal of Machine Learning Research},
  volume	= {7},
  pages		= {983--999}
}

@Article{Strobl+Boulesteix+Kneib:2008,
  author	= {Carolin Strobl and Anne-Laure Boulesteix and Thomas Kneib
  		   and Thomas Augustin and Achim Zeileis},
  title		= {Conditional Variable Importance for Random Forests},
  journal	= {{BMC} Bioinformatics},
  year		= {2008},
  volume	= {9},
  number	= {307}
}
