
@article{friedman2000,
	Author = {Friedman, J. and Hastie, T. and Tibshirani, R.},
	Journal = {Annals of Statistics},
	Number = {1},
	Pages = {337-407},
	Rating = {2},
	Read = {Yes},
	Title = {{Additive Logistic Regression: A Statistical View of Boosting (With Discussion)}},
	Volume = {28},
	Year = {2000}}

@book{breiman1984cart,
	Address = {Belmont},
	Author = {Breiman, L. and Friedman, J.H. and Olshen, R.A. and Stone, C.J.},

	Publisher = {Wadsworth},
	Title = {{Classification and Regression Trees}},
	Year = {1984}}
%	Isbn = {0412048418},

@book{quinlan1993,
	Address = {CA, USA},
	Author = {Quinlan, J.R.},

	Publisher = {Morgan Kaufmann Publishers Inc.},
	Title = {{C4.5: Programs for Machine Learning}},
	Year = {1993}}
%Isbn = {1558602380},




@misc{HRG4,
	Author = {{The Casemix Service}},
	Howpublised = {Website},
	Note = {\url{http://www.ic.nhs.uk/webfiles/Services/casemix/Prep HRG4/HRG4 design concepts a.pdf} (Accessed on 2010-01-29)},
	Title = {{HRG4 Design Concepts}},
	Year = {2007}}

@article{denison1998bca,
	Author = {Denison, D.G.T. and Mallick, B.K. and Smith, A.F.M.},
	Journal = {Biometrika},
	Number = {2},
	Pages = {363--377},
	Publisher = {Biometrika Trust},
	Title = {{A Bayesian CART Algorithm}},
	Volume = {85},
	Year = {1998}}

@article{death2000car,
	Author = {De'ath, G. and Fabricius, K.E.},
	Journal = {Ecology},
	Number = {11},
	Pages = {3178--3192},
	Publisher = {JSTOR},
	Title = {{Classification and Regression Tress: A Powerful Yet Simple Technique for Ecological Data Analysis}},
	Volume = {81},
	Year = {2000}}

@article{schauerhuber:bos,
	Author = {Schauerhuber, M. and Zeileis, A. and Meyer, D. and Hornik, K.},
	Journal = {Data Analysis, Machine Learning, and Applications},
	Publisher = {Springer-Verlag},
	Title = {{Benchmarking Open-Source Tree Learners in R/RWeka}},
	Year = {2007}}

@article{rejwan1999tra,
	Author = {Rejwan, C. and Collins, N.C. and Brunner, L.J. and Shuter, B.J. and Ridgway, M.S.},
	Journal = {Ecology},
	Number = {1},
	Pages = {341--348},
	Publisher = {JSTOR},
	Title = {{Tree Regression Analysis on the Nesting Habitat of Smallmouth Bass}},
	Volume = {80},
	Year = {1999}}

@article{minier2003ssm,
	Author = {Minier, J.A.},
	Journal = {Journal of Monetary Economics},
	Number = {7},
	Pages = {1593--1602},
	Publisher = {Elsevier},
	Title = {{Are Small stock markets different?}},
	Volume = {50},
	Year = {2003}}

@article{malerba2004tdi,
	Author = {Malerba, D. and Esposito, F. and Ceci, M. and Appice, A.},
	Journal = {IEEE Transactions on Pattern Analysis and Machine Intelligence},
	Pages = {612--625},
	Publisher = {IEEE Computer Society},
	Title = {{Top-Down Induction of Model Trees with Regression and Splitting Nodes}},
	Year = {2004}}

@article{suarez1999gof,
	Author = {Su{\'a}rez, A. and Lutsko, J.F.},
	Journal = {IEEE Transactions on Pattern Analysis and Machine Intelligence },
	Number = {12},
	Pages = {1297--1311},
	Publisher = {IEEE Computer Society},
	Title = {{Globally Optimal Fuzzy Decision Trees for Classification and Regression}},
	Volume = {21},
	Year = {1999}}

@article{medinachico2001bdt,
	Author = {Medina-Chico, V. and Su{\'a}rez, A. and Lutsko, J.F.},
	Journal = {Machine Learning: ECML 2001},
	Organization = {Springer-Verlag, London},
	Pages = {348--359},
	Title = {{Backpropagation in Decision Trees for Regression}},
	Year = {2001}}

@inproceedings{quinlan1992lcc,
	Author = {Quinlan, J.R.},
	Booktitle = {Proceedings of the 5th Australian Joint Conference on Artificial Intelligence},
	Pages = {343--348},
	Title = {{Learning with Continuous Classes}},
	publisher = {World Scientific Pub Co Inc},
	Year = {1992}}



@article{torgo1997fmr,
	Author = {Torgo, L.},
	Journal = {Proceedings of the International Conference on Machine Learning (ICML-97)},
	Title = {{Functional Models for Regression Tree Leaves}},
	Year = {1997}}

@article{dobra2002ssl,
	Author = {Dobra, A. and Gehrke, J.},
	Journal = {Proceedings of the eighth ACM SIGKDD},
	Pages = {481--487},
	Publisher = {ACM Press New York, NY, USA},
	Title = {{SECRET: A Scalable Linear Regression Tree Algorithm}},
	Year = {2002}}

@article{loh2002rtu,
	Author = {Loh, W.Y.},
	Journal = {Statistica Sinica},
	Number = {2},
	Pages = {361--386},
	Title = {{Regression trees with Unbiased Variable Selection and Interaction Detection}},
	Volume = {12},
	Year = {2002}}

@article{strasser1999atp,
	Author = {Strasser, H. and Weber, C.},
	Journal = {Mathematical Methods of Statistics},
	Number = {1},
	Pages = {220-250},
	Title = {{On the Asymptotic Theory of Permutation Statistics}},
	Volume = {8},
	Year = {1999}}

@article{lee2006mcc,
	Author = {Lee, T.S. and Chiu, C.C. and Chou, Y.C. and Lu, C.J.},
	Journal = {Computational Statistics $\&$ Data Analysis},
	Number = {4},
	Pages = {1113--1130},
	Publisher = {Elsevier},
	Title = {{Mining the customer credit using classification and regression tree and multivariate adaptive regression splines}},
	Volume = {50},
	Year = {2006}}

@article{hothorn2006urp,
	Author = {Hothorn, T. and Hornik, K. and Zeileis, A.},
	Journal = {Journal of Computational and Graphical Statistics},
	Number = {3},
	Pages = {651--674},
	Title = {{Unbiased Recursive Partitioning: A Conditional Inference Framework}},
	Volume = {15},
	Year = {2006}}

@article{breiman2001rf,
	Author = {Breiman, L.},
	Journal = {Machine Learning},
	Number = {1},
	Pages = {5--32},
	Publisher = {Kluwer Academic Publishers Hingham, MA, USA},
	Title = {{Random Forests}},
	Volume = {45},
	Year = {2001}}

@article{friedman2001gfa,
	Author = {Friedman, J.H.},
	Journal = {Annals of Statistics},
	Number = {5},
	Pages = {1189--1232},
	Publisher = {JSTOR},
	Title = {{Greedy function approximation: a gradient boosting machine}},
	Volume = {29},
	Year = {2001}}

@article{huber1964rel,
	Author = {Huber, P.J.},
	Journal = {Annals of Mathematical Statistics},
	Number = {1},
	Pages = {73--101},
	Publisher = {JSTOR},
	Title = {{Robust estimation of a location parameter}},
	Volume = {35},
	Year = {1964}}

@article{kim2001ctu,
	Author = {Kim, H. and Loh, W.Y.},
	Journal = {Journal of the American Statistical Association},
	Number = {454},
	Publisher = {American Statistical Association},
	Title = {{Classification Trees with Unbiased Multiway Splits.}},
	Volume = {96},
	Year = {2001}}

@book{hastie,
	Author = {Hastie, T. and Tibshirani, R. and Friedman, J.},

	Publisher = {Springer-Verlag, New York},
	Title = {{The Elements of Statistical Learning: Data Mining, Inference, and Prediction}},
	Year = {2009}}
%Isbn = {0387848576},

@book{bishop,
	Author = {Bishop, C.M.},

	Publisher = {Springer-Verlag, New York},
	Title = {{Pattern Recognition and Machine Learning}},
	Year = {2007}}
%Isbn = {0387310738},

@inproceedings{freund1996enb,
  title={Experiments with a New Boosting Algorithm},
  author={Freund, Y. and Schapire, R.E.},
  booktitle={Proceedings of the Thirteenth International Conference on Machine Learning},
  pages={148--156},
  year={1996},
  Address = {CA, USA},
  organization={Morgan Kaufmann Publishers Inc.}
}


@article{freund1995bwl,
	Author = {Freund, Y.},
	Journal = {Information and Computation},
	Number = {2},
	Pages = {256--285},
	Publisher = {Academic Press, Inc. Duluth, MN, USA},
	Title = {{Boosting a Weak Learning Algorithm by Majority}},
	Volume = {121},
	Year = {1995}}

@article{breiman1996bp,
	Author = {Breiman, L.},
	Journal = {Machine Learning},
	Number = {2},
	Pages = {123--140},
	Publisher = {Kluwer Academic Publishers, Hingham, MA, USA},
	Title = {{Bagging Predictors}},
	Volume = {24},
	Year = {1996}}

@inproceedings{esmeir2004lba,
	Author = {Esmeir, S. and Markovitch, S.},
	Booktitle = {Proceedings of the twenty-first international conference on Machine learning},

	Organization = {ACM Press, New York, NY, USA},
	Pages = {257--264},
	Title = {{Lookahead-Based Algorithms for Anytime Induction of Decision Trees}},
	Year = {2004}}
%Isbn = {1581138385},

@inproceedings{vogel2007sla,
	Author = {Vogel, D.S. and Asparouhov, O. and Scheffer, T.},
	Booktitle = {Proceedings of the 13th ACM SIGKDD International Conference on Knowledge Discovery and Data Mining},
	Organization = {ACM Press New York, NY, USA},
	Pages = {757--764},
	Title = {{Scalable Look-Ahead Linear Regression Trees}},
	Year = {2007}}

@article{esmeir2007ald,
	Author = {Esmeir, S. and Markovitch, S.},
	Journal = {The Journal of Machine Learning Research},
	Pages = {891--933},
	Publisher = {MIT Press, Cambridge, MA, USA},
	Title = {{Anytime Learning of Decision Trees}},
	Volume = {8},
	Year = {2007}}

@article{LookAhead2003,
	Author = {Tapio, E and Tuomo, M},
	Journal = {Lecture Notes in Computer Science},
	Pages = {445-453},
	Publisher = {Springer-Verlag, New York},
	Title = {{Foundations of Intelligent Systems}},
	Volume = {2871/2003},
	Year = {2003}}

@article{dong2001lab,
	Author = {Dong, M. and Kothari, R.},
	Journal = {Fuzzy Systems, IEEE Transactions on},
	Number = {3},
	Pages = {461--468},
	Title = {{Look-ahead based fuzzy decision tree induction}},
	Volume = {9},
	Year = {2001}}

@inproceedings{murthy1995dti,
	Author = {Murthy, S.K. and Salzberg, S.},
                booktitle={Proceedings of the First International Conference on Knowledge Discovery and Data Mining},
	Pages = {222--227},
	Title = {{Decision Tree Induction: How Effective is the Greedy Heuristic?}},
	Organization = {AAAI Press},
	Address = {CA, USA},
	Year = {1995}}

@article{hyafil1976cob,
	Author = {Hyafil, L. and Rivest, R.L.},
	Journal = {Information Processing Letters},
	Number = {1},
	Pages = {15--17},
	Title = {{Constructing Optimal Binary Decision Trees is NP-Complete}},
	Volume = {5},
	Year = {1976}}

@inproceedings{murthy1995lap,
	Author = {Murthy, S.K. and Salzberg, S.},
	Booktitle = {Proceedings of the Fourteenth International Joint Conference on Artificial Intelligence},
	Organization = {Morgan Kaufmann Publishers Inc.},
	Address = {CA, USA},
	Pages = {1025--1031},
	Title = {{Lookahead and pathology in decision tree induction}},
	Year = {1995}}

@inproceedings{norton1989gbd,
	Author = {Norton, S.W.},
	Booktitle = {Proceedings of the Eleventh International Conference on Artificial Intelligence},
	Pages = {800--805},
	Title = {{Generating better decision trees}},
	Year = {1989}}

@article{ragavan1993lfc,
	Author = {Ragavan, H. and Rendell, M.},
	Journal = {Machine Learning},
	Publisher = {Morgan Kaufmann Publishers Inc.},
	Title = {{Lookahead Feature Construction for Learning Hard Concepts}},
	Year = {1993}}

@article{ragavan1993lfc,
	Author = {Ragavan, H. and Rendell, M.},
	Journal = {Machine Learning},
	Publisher = {Morgan Kaufmann Publishers Inc.},
	Title = {{Lookahead Feature Construction for Learning Hard Concepts}},
	Year = {1993}}

@article{quinlan286oal,
	Author = {Quinlan, J.R. and Cameron-Jones, R.M.},
	Journal = {Breast Cancer},
	Pages = {2--7},
	Title = {{Oversearching and Layered Search in Empirical Learning}},
	Volume = {286},
	Year = {1995}}

@article{clark1989cia,
	Author = {Clark, P. and Niblett, T.},
	Journal = {Machine Learning},
	Number = {4},
	Pages = {261--283},
	Publisher = {Kluwer Academic Publishers Hingham, MA, USA},
	Title = {{The CN2 Induction Algorithm}},
	Volume = {3},
	Year = {1989}}

@book{russell1995aim,
	Author = {Russell, S.J. and Norvig, P.},

	Publisher = {Prentice Hall Englewood Cliffs, New York},
	Title = {{Artificial intelligence: a Modern Approach}},
	Year = {2003}}
%Isbn = {9780130803023},

@article{penareyes2000ecm,
	Author = {Pe{\~n}a-Reyes, C.A. and Sipper, M.},
	Journal = {Artificial Intelligence In Medicine},
	Number = {1},
	Pages = {1--23},
	Publisher = {Elsevier},
	Title = {{Evolutionary Computation in Medicine: An Overview}},
	Volume = {19},
	Year = {2000}}

@article{cano2003uea,
	Author = {Cano, JR and Herrera, F. and Lozano, M.},
	Journal = {IEEE Transactions on Evolutionary Computation},
	Number = {6},
	Pages = {561--575},
	Title = {{Using Evolutionary Algorithms as Instance Selection for Data Reduction in KDD: An Experimental Study}},
	Volume = {7},
	Year = {2003}}

@book{man1997gac,
	Author = {Man, K.F. and Tang, K.S. and Kwong, S. and Halang, W.A.},

	Publisher = {Springer-Verlag, New York},
	Title = {{Genetic Algorithms for Control and Signal Processing}},
	Year = {1997}}
%Isbn = {3540761012},

@article{bishop2003bhm,
	Author = {Bishop, C.M. and Svensen, M.},
	Journal = {Proceedings Nineteenth Conference on Uncertainty in Artificial Intelligence},
	Pages = {57--64},
	Title = {{Bayesian Hierarchical Mixtures of Experts}},
	Year = {2003}}

@article{jensen2001raf,
	Author = {Jensen, M.T.},
	Journal = {IEEE Transactions on Evolutionary Computation},
	Number = {3},
	Pages = {275--288},
	Publisher = {IEEE},
	Title = {{Generating Robust and Flexible Job Shop Schedules Using Genetic Algorithms}},
	Volume = {7},
	Year = {2003}}

@inbook{Freitas2002sea,
	Acmid = {903792},
	Author = {Freitas, A.},
	Book = {Advances in Evolutionary Computing},

	Numpages = {27},
	Pages = {819--845},
	Publisher = {Springer-Verlag, New York},
	Title = {A Survey of Evolutionary Algorithms for Data Mining and Knowledge Discovery},
	Year = {2003}}
%Isbn = {3540433309},

@misc{BMG2009,
	Author = {{Bundesministerium f\"ur Gesundheit, Familie und Jugend}},
	Howpublised = {Website},
	Note = {Available Online at \url{http://bmg.gv.at/} (Accessed on 2011-05-23)},
	Title = {{Bundesministerium f\"ur Gesundheit, Familie und Jugend}},
	Year = {2010}}

@article{bot2000agp,
	Author = {Bot, M.C.J. and Langdon, W.B.},
	Journal = {Genetic Programming: European Conference, EuroGP 2000, Edinburgh, Scotland, UK, April 15-16, 2000: Proceedings},
	Publisher = {Springer},
	Title = {{Application of Genetic Programming to Induction of Linear Classification Trees}},
	Year = {2000}}

@article{fonseca1995oea,
	Author = {Fonseca, C.M. and Fleming, P.J.},
	Journal = {Evolutionary Computation},
	Number = {1},
	Pages = {1--16},
	Publisher = {MIT Press},
	Title = {{An Overview of Evolutionary Algorithms in Multiobjective Optimization}},
	Volume = {3},
	Year = {1995}}

@inproceedings{papagelis2001bdt,
	Author = {Papagelis, A. and Kalles, D.},
	Booktitle = {Proceedings of the Eighteenth International Conference on Machine Learning},
	Organization = {Morgan Kaufmann Publishers Inc.},
	Address = {CA, USA},
	Pages = {393--400},
	Title = {{Breeding Decision Trees Using Evolutionary Techniques}},
	Year = {2001}}

@article{kalles2006lfi,
	Author = {Kalles, D.},
	Journal = {Arxiv preprint cs/0611166},
	Title = {{Lossless fitness inheritance in genetic algorithms for decision trees}},
	Year = {2006}}

@article{delisle2004idt,
	Author = {DeLisle, R.K. and Dixon, S.L.},
	Journal = {Journal of Chemical Information and Computer Sciences},
	Number = {3},
	Pages = {862--870},
	Publisher = {ACS AMERICAN CHEMICAL SOCIETY},
	Title = {{Induction of Decision Trees via Evolutionary Programming}},
	Volume = {44},
	Year = {2004}}

@article{almaqaleh2005gpa,
	Author = {Al-Maqaleh, B.M. and Bharadwaj, K.K.},
	Journal = {Transactions on Engineering, Computing and Technology},
	Pages = {271--274},
	Title = {{Genetic Programming Approach to Hierarchical Production Rule Discovery}},
	Volume = {6},
	Year = {2005}}

@incollection{kretowski:gld,
	Author = {Kretowski, M. and Grzes, M.},
	Booktitle = {Information Processing and Security Systems},

	Pages = {401--410},
	Publisher = {Springer-Verlag, New York},
	Title = {{Global Learning of Decision Trees by an Evolutionary Algorithm}},
	Year = {2005}}
%Isbn = {0387250913},

@inproceedings{kretowski:mdt,
	Author = {Kretowski, M. and Grzes, M.},
	Booktitle = {Data warehousing and knowledge discovery: 8th international conference, DaWaK 2006, Krakow, Poland, September 4-8, 2006: proceedings},

	Organization = {Springer-Verlag, New York},
	Pages = {260},
	Title = {{Mixed decision trees: An evolutionary approach}},
	Year = {2006}}
%Isbn = {3540377360},

@article{kretowski:ell,
	Author = {Kretowski, M. and Grzes, M.},
	Journal = {Lecture Notes in Computer Science},
	Publisher = {Springer},
	Title = {{Evolutionary Learning of Linear Trees with Embedded Feature Selection}},
	Year = {2006}}

@inproceedings{sutton1992ict,
	Author = {Sutton, C.D.},
	Booktitle = {Proceedings of the 23rd Symposium on the Interface},
	Organization = {Interface Foundation of North America},
	Pages = {333--344},
	Title = {{Improving Classification Trees with Simulated Annealing}},
	Year = {1992}}

@article{glover1995tsf,
	Author = {Glover, F.},
	Journal = {Revised and Expanded, Technical Report},
	Title = {{Tabu Search Fundamentals and Uses}},
	Year = {1995}}

@article{jin2005,
	Author = {Jin, Y.},
	Journal = {Soft Computing-A Fusion of Foundations, Methodologies and Applications},
	Number = {1},
	Pages = {3--12},
	Publisher = {Springer},
	Title = {{A comprehensive survey of fitness approximation in evolutionary computation}},
	Volume = {9},
	Year = {2005}}

@article{kalles2006asp,
	Author = {Kalles, D. and Pierrakeas, C.},
	Journal = {Applied Artificial Intelligence},
	Number = {8},
	Pages = {655--674},
	Publisher = {Taylor and Francis Ltd},
	Title = {{Analyzing Student Performance in Distance Learning with Genetic Algoritms and Decision Trees}},
	Volume = {20},
	Year = {2006}}

@article{chipman1998bcm,
	Author = {Chipman, H.A. and George, E.I. and McCulloch, R.E. and others},
	Journal = {Journal of the American Statistical Association},
	Pages = {935--947},
	Publisher = {American Statistical Association},
	Title = {{Bayesian CART Model Search}},
	Volume = {93},
	Year = {1998}}

@article{wu2007bcp,
	Author = {Wu, Y. and Tjelmeland, H. and West, M.},
	Journal = {Journal of Computational and Graphical Statistics},
	Number = {1},
	Pages = {44},
	Publisher = {American Statistical Association},
	Title = {{Bayesian CART: Prior Specification and Posterior Simulation}},
	Volume = {16},
	Year = {2007}}

@article{youssef2001eas,
	Author = {Youssef, H. and M. Sait, S. and Adiche, H.},
	Journal = {Engineering Applications of Artificial Intelligence},
	Number = {2},
	Pages = {167--181},
	Publisher = {Elsevier},
	Title = {{Evolutionary Algorithms, Simulated Annealing and Tabu Search: a Comparative Study}},
	Volume = {14},
	Year = {2001}}

@article{chai96bld,
	Author = {Chai, B.B. and Zhuang, X. and Zhao, Y. and Sklansky, J.},
	Booktitle = {Proceedings of ICPR},
	Pages = {530},
	Title = {{Binary Linear Decision Tree with Genetic Algorithm}},
	Volume = {96},
	Year = {1996}}

@article{shin2002gaa,
	Author = {Shin, K.S. and Lee, Y.J.},
	Journal = {Expert Systems With Applications},
	Number = {3},
	Pages = {321--328},
	Publisher = {Elsevier},
	Title = {{A genetic algorithm application in bankruptcy prediction modeling}},
	Volume = {23},
	Year = {2002}}

@article{garciaalmanza2006sdt,
	Author = {Garcia-Almanza, A.L. and Tsang, E.P.K.},
	Journal = {IEEE Congress on Evolutionary Computation},
	Pages = {2142--2148},
	Title = {{Simplifying Decision Trees Learned by Genetic Programming}},
	Year = {2006}}

@misc{ahmed:ibd,
	Author = {Reaz, A.},
	Howpublised = {Website},
	Note = {Available online at \url{http://personal.gscit.monash.edu.au/~sohel/Papers/iccit/cmr/Camera\%20PAPER-iccit.pdf} (accessed on 2008-08-30)},
	Title = {{Induction of Better Decision Trees Using Population Oriented Multi-Objective Simulated Annealing}}}

@book{eiben2003iec,
	Author = {Eiben, A.E. and Smith, J.E.},

	Publisher = {Springer Verlag, New York},
	Title = {{Introduction to Evolutionary Computing}},
	Year = {2007}}
%	Isbn = {3540401849},

@article{tibshirani1999msb,
	Author = {Tibshirani, R. and Knight, K.},
	Journal = {Journal of Computational and Graphical Statistics},
	Number = {4},
	Pages = {671--686},
	Publisher = {American Statistical Association, Institute of Mathematical Statistics, and Interface Foundation of North America},
	Title = {{Model Search by Bootstrap 'Bumping'}},
	Volume = {8},
	Year = {1999}}

@article{bucy1993dtd,
	Author = {Bucy, RS and Diesposti, RS},
	Journal = {Mod{\'e}lisation math{\'e}matique et analyse num{\'e}rique(Print)},
	Number = {5},
	Pages = {515--534},
	Publisher = {EDP Sciences},
	Title = {{Decision Tree Design by Simulated Annealing}},
	Volume = {27},
	Year = {1993}}

@article{shannon1999cct,
	Author = {Shannon, W.D. and Banks, D.},
	Journal = {Statistics in Medicine},
	Number = {6},
	Pages = {727--740},
	Publisher = {John Wiley \& Sons, Ltd. Chichester, UK},
	Title = {{Combining classification trees using MLE}},
	Volume = {18},
	Year = {1999}}

@inproceedings{chipman1998msf,
	Author = {Chipman, H.A. and George, E.I. and McCulloch, RE},
	Booktitle = {Proceedings of the 30th Symposium on the Interface},
	Pages = {84--92},
	Title = {{Making sense of a forest of trees}},
	Year = {1998}}

@article{miglio2004cbc,
	Author = {Miglio, R. and Soffritti, G.},
	Journal = {Computational Statistics $\&$ Data Analysis},
	Number = {3},
	Pages = {577--593},
	Publisher = {Elsevier},
	Title = {{The comparison between classification trees through proximity measures}},
	Volume = {45},
	Year = {2004}}

@book{fischer2000drg,
	Address = {Wolfertswil},
	Author = {Fischer, W.},
	Publisher = {Zentrum f{\"u}r Informatik und wirtschaftliche Medizin},
	Title = {{Diagnosis Related Groups (DRG's) und Verwandte Patientenklassifikationssysteme}},
	Year = {2000}}

@misc{catalan,
	Author = {Weisstein Eric W., A.A.},
	Howpublised = {Website},
	Note = {URL: \url{http://mathworld.wolfram.com/BinaryTree.html} (accessed Mai 21, 2009},
	Title = {{"Binary Tree." From Math World--A Wolfram Web Resource.}}}

@article{gao2006sre,
	Author = {Gao, H. and Davis, J.W.},
	Journal = {Lecture Nodes in Computer Science},
	Pages = {275-287},
	Publisher = {Springer},
	Title = {{Sampling Representative Examples for Dimensionality Reduction and Recognition-Bootsrap Bumping LDA}},
	Volume = {3953},
	Year = {2006}}

@article{petrikieva2002bab,
	Author = {Petrikieva, L. and Fyfe, C.},
	Journal = {Computing and Information Systems},
	Number = {2},
	Pages = {69},
	Publisher = {UNIVERSITY OF PAISLEY},
	Title = {{Bagging and bumping self-organising maps}},
	Volume = {9},
	Year = {2002}}

@inproceedings{heskes1997bbb,
	Author = {Heskes, T.},
	Booktitle = {Advances in Neural Information Processing Systems 9},
	Organization = {MIT Press},
	Pages = {466-472},
	Title = {{Balancing between bagging and bumping}},
	Year = {1997}}

@article{neath2000rms,
	Author = {Neath, A.A. and Cavanaugh, J.E.},
	Journal = {Computational Statistics $\&$ Data Analysis},
	Number = {2},
	Pages = {155--169},
	Publisher = {Elsevier},
	Title = {{A regression model selection criterion based on bootstrap bumping for use with resistant fitting}},
	Volume = {35},
	Year = {2000}}

@article{fan2005rta,
	Author = {Fan, G. and Gray, J.B.},
	Journal = {Journal of Computational and Graphical Statistics},
	Number = {1},
	Pages = {206--218},
	Publisher = {American Statistical Association},
	Title = {{Regression Tree Analysis Using TARGET}},
	Volume = {14},
	Year = {2005}}

@article{gray2008cta,
	Author = {Gray, J.B. and Fan, G.},
	Journal = {Computational Statistics $\&$ Data Analysis},
	Number = {3},
	Pages = {1362--1372},
	Publisher = {Elsevier},
	Title = {{Classification Tree Analysis Using TARGET}},
	Volume = {52},
	Year = {2008}}

@article{atienza2008amd,
	Author = {Atienza, N. and Garcia-Heras, J. and Munoz-Pichardo, JM and Villa, R.},
	Journal = {Statistics in Medicine},
	Number = {9},
	Publisher = {John Wiley \& Sons, Ltd. Chichester, UK},
	Title = {{An application of mixture distributions in modelization of length of hospital stay}},
	Volume = {27},
	Year = {2008}}

@webpage{CIHI,
	Author = {{Canadian Institute for Health Information}},
	Howpublised = {Website},
	Note = {URL: \url{http://secure.cihi.ca/cihiweb/en/downloads/Acute_Care_Grouping_Methodologies2004_e.pdf} (accessed on 2010-01-29)},
	Title = {{Acute Care Grouping Methodologies}},
	Year = {2004}}

@misc{LKF2009,
	Author = {{Bundesministerium f\"ur Gesundheit, Familie und Jugend}},
	Howpublised = {Website},
	Note = {URL: \url{http://bmg.gv.at/cms/site/attachments/6/4/5/CH0719/CMS1159516854629/systembeschreibung_2009.pdf} (accessed on 2010-01-29)},
	Title = {{Leistungsorientierte Krankenanstaltenfinanzierung. LKF Systembeschreibung}},
	Year = {2009}}

@article{ek:dgd,
	Author = {{Institut f\"ur das Entgeltsystem im Krankenhaus GmbH}},
	Journal = {Siegburg: Deutsche Krankenhaus Verlagsgesellschaft GmbH},
	Title = {{German Diagnosis Related Groups Definitionshandbuch}},
	Year = {2005}}

@article{theurl2007ihf,
	Author = {Theurl, E. and Winner, H.},
	Journal = {Health Policy},
	Number = {3},
	Pages = {375--389},
	Publisher = {Elsevier},
	Title = {{The Impact of Hospital Financing on the Length of Stay: Evidence from Austria}},
	Volume = {82},
	Year = {2007}}

@article{peters2003diagnosis,
	Author = {Peters, A. and Lausen, B. and Michelson, G. and Gefeller, O.},
	Journal = {Methods of information in medicine},
	Number = {1},
	Pages = {99--103},
	Publisher = {FK Schattauer Verlagsgeselschaft MBH},
	Title = {{Diagnosis of glaucoma by indirect classifiers}},
	Volume = {42},
	Year = {2003}}

@article{mcquatt2001discussing,
	Author = {McQuatt, A. and Sleeman, D. and Andrews, PJ and Corruble, V. and Jones, PA},
	Journal = {Methods of information in medicine},
	Number = {5},
	Pages = {373--379},
	Publisher = {FK Schattauer Verlagsgeselschaft MBH},
	Title = {{Discussing anomalous situations using decision trees: a head injury case study.}},
	Volume = {40},
	Year = {2001}}

@article{therneau1997introduction,
	Author = {Therneau, T.M. and Atkinson, E.J.},
	Journal = {Technical Report 61},
	Publisher = {Section of Biostatistics, Mayou Clinic, Rochester, USA},
	Title = {{An Introduction to Recursive Partitioning Using the RPART Routines}},
	Url = {http://www.mayo.edu/hsr/techrpt/61.pdf},
	Year = {1997}}

@article{shi2007clinical,
	Author = {Shi, H. and Lyons-Weiler, J.},
	Journal = {BMC Medical Informatics and Decision Making},
	Number = {1},
	Pages = {23},
	Publisher = {BioMed Central Ltd},
	Title = {{Clinical decision modeling system}},
	Volume = {7},
	Year = {2007}}

@article{ji2009comparative,
	Author = {Ji, S.Y. and Smith, R. and Huynh, T. and Najarian, K.},
	Journal = {BMC Medical Informatics and Decision Making},
	Number = {1},
	Pages = {2},
	Publisher = {BioMed Central Ltd},
	Title = {{A comparative analysis of multi-level computer-assisted decision making systems for traumatic injuries}},
	Volume = {9},
	Year = {2009}}

@article{toussi2009using,
	Author = {Toussi, M. and Lamy, J.B. and Le Toumelin, P. and Venot, A.},
	Journal = {BMC Medical Informatics and Decision Making},
	Number = {1},
	Pages = {28},
	Publisher = {BioMed Central Ltd},
	Title = {{Using data mining techniques to explore physicians' therapeutic decisions when clinical guidelines do not provide recommendations: methods and example for type 2 diabetes}},
	Volume = {9},
	Year = {2009}}

@article{barrett2008integration,
	Author = {Barrett, J.S. and Mondick, J.T. and Narayan, M. and Vijayakumar, K. and Vijayakumar, S.},
	Journal = {BMC Medical Informatics and Decision Making},
	Number = {1},
	Pages = {6},
	Publisher = {BioMed Central Ltd},
	Title = {{Integration of modeling and simulation into hospital-based decision support systems guiding pediatric pharmacotherapy}},
	Volume = {8},
	Year = {2008}}

@article{grubinger2010regression,
	Author = {Grubinger, T. and Kobel, C. and Pfeiffer, K.P.},
	Journal = {BMC Medical Informatics and Decision Making},
	Publisher = {BioMed Central Ltd},
	Title = {{Regression Tree Construction by Bootstrap: Model Search for DRG-Systems Applied to Austrian Health-Data}},
	Volume = {10:9},
	Year = {2010}}

@article{rastogi2000public,
	Author = {Rastogi, R. and Shim, K.},
	Journal = {Data Mining and Knowledge Discovery},
	Number = {4},
	Pages = {315--344},
	Publisher = {Springer},
	Title = {{PUBLIC: A decision tree classifier that integrates building and pruning}},
	Volume = {4},
	Year = {2000}}

@article{quinlan1989inferring,
	Author = {Quinlan, J.R. and Rivest, R.L.},
	Journal = {Information and Computation},
	Number = {3},
	Pages = {227--248},
	Publisher = {Academic Press, Inc.},
	Title = {{Inferring Decision Trees Using the Minimum Description Length Principle}},
	Volume = {80},
	Year = {1989}}

@manual{team2011r,
	Address = {Vienna, Austria},
	Author = {{\proglang{R} Development Core Team}},
	Organization = {\proglang{R} Foundation for Statistical Computing},
	Title = {\proglang{R}: A Language and Environment for Statistical Computing},
	Url = {http://www.R-project.org/},
	Year = {2011}}
	
	%Note = {{ISBN} 3-900051-07-0},


@book{chambers2008software,
	Author = {Chambers, J.M.},

	Publisher = {Springer Verlag, New York},
	Title = {{Software for Data Analysis: Programming with \proglang{R}}},
	Year = {2008}}
%Isbn = {9780387759357},

@manual{mlbench,
	Author = {Friedrich Leisch and Evgenia Dimitriadou},
	Note = {\proglang{R} Package Version 2.0-0},
	Title = {\pkg{mlbench}: Machine Learning Benchmark Problems},
	Url = {http://CRAN.R-project.org/package=mlbench},
	Year = {2010}}

@article{kernlab,
	Author = {Alexandros Karatzoglou and Alex Smola and Kurt Hornik and Achim Zeileis},
	Journal = {Journal of Statistical Software},
	Number = {9},
	Pages = {1--20},
	Publisher = {American Statistical Association},
	Title = {\pkg{kernlab} -- An \proglang{S4} Package for Kernel Methods in \proglang{R}},
	Url = {http://www.jstatsoft.org/v11/i9/},
	Volume = {11},
	Year = {2004}}

@article{hothorn2005design,
	Author = {Hothorn, T. and Leisch, F. and Zeileis, A. and Hornik, K.},
	Journal = {Journal of Computational and Graphical Statistics},
	Number = {3},
	Pages = {675--699},
	Publisher = {American Statistical Association},
	Title = {{The Design and Analysis of Benchmark Experiments}},
	Volume = {14},
	Year = {2005}}

@article{loh2009improving,
	Author = {Loh, W. Y.},
	Journal = {The Annals of Applied Statistics},
	Number = {4},
	Pages = {1710--1737},
	Title = {{Improving the Precision of Classification Trees}},
	Volume = {3},
	Year = {2009}}

@article{de34glmulti,
	Author = {de Mazancourt, C. and Calcagno, V.},
	Journal = {Journal of Statistical Software},
	Number = {12},
	Pages = {1--29},
	Publisher = {American Statistical Association},
	Title = {{\pkg{glmulti}: An \proglang{R} Package for Easy Automated Model Selection with (Generalized) Linear Models}},
	Url = {http://www.jstatsoft.org/v34/i12/},
	Volume = {34},
	Year = {2010}}

@inproceedings{caruana2006empirical,
	Author = {Caruana, R. and Niculescu-Mizil, A.},
	Booktitle = {Proceedings of the 23rd International Conference on Machine learning},
	Organization = {ACM Press New York, NY, USA},
	Pages = {161--168},
	Title = {{An Empirical Comparison of Supervised Learning Algorithms}},
	Year = {2006}}

@inproceedings{pfeiffer2001case,
	Author = {Pfeiffer, K.P.},
	Booktitle = {Case Mix: Global Views, Local Actions: Evolution in Twenty Countries},
	Organization = {IOS Press},
	Pages = {25--30},
	Title = {{Case Mix in Austria: Five Years Experience With a New Hospital Financing System}},
	Year = {2001}}
%Isbn = {1586032178},

@article{kass1980exploratory,
	Author = {Kass, G.V.},
	Journal = {Applied Statistics},
	Number = {2},
	Pages = {119--127},
	Publisher = {JSTOR},
	Title = {{An Exploratory Technique for Investigating Large Quantities of Categorical Data}},
	Volume = {29},
	Year = {1980}}

@misk{Frank+Asuncion:2010,
	Author = {{Frank A., Asuncion A.}},
	Note = {University of California, Irvine, School of Information and Computer Sciences},
	Title = {{UCI Machine Learning Repository}},
	Url = {http://archive.ics.uci.edu/ml/},
	Year = {2010}}

@article{fisher1936use,
	Author = {Fisher, R.A.},
	Journal = {Annals of Human Genetics},
	Number = {2},
	Pages = {179--188},
	Publisher = {Wiley Online Library},
	Title = {The use of multiple measurements in taxonomic problems},
	Volume = {7},
	Year = {1936}}

@misc{hothorn2009partykit,
	Author = {Hothorn, T. and Zeileis, A.},
	URL = {http://R-forge.R-project.org/projects/partykit},
	Title = {{\pkg{partykit}: A Toolkit for Recursive Partytioning}},
	Year = {2009}}

@article{multcomp,
	Author = {Torsten Hothorn and Frank Bretz and Peter Westfall},
	Journal = {Biometrical Journal},
	Number = {3},
	Pages = {346--363},
	Title = {Simultaneous Inference in General Parametric Models},
	Volume = {50},
	Year = {2008}}

@article{zantema2000finding,
	Author = {Zantema, H.},
	Journal = {International Journal of Foundations of Computer Science},
	Number = {2},
	Pages = {343--354},
	Publisher = {World Scientific Publishing Co.},
	Title = {{Finding Small Equivalent Decision Trees is Hard}},
	Volume = {11},
	Year = {2000}}
%	Issn = {0129-0541},
	
@book{baeck,
	Author = {B\"ack, T.},

	Publisher = {Oxford University Press, New York},
	Title = {{Evolutionary Algorithms in Theory and Practice}},
	Year = {1996}}
%Isbn = {0195099710},

@inproceedings{koza1991concept,
	Author = {Koza, J.R.},
	Booktitle = {Parallel Problem Solving from Nature: 1st Workshop, PPSN I, Dortmund, FRG, October 1-3, 1990: Proceedings},

	Pages = {124--128},
	Publisher = {Springer-Verlag, New York},
	Title = {{Concept Formation and Decision Tree Induction Using the Genetic Programming Paradigm}},
	Year = {1991}}
%Isbn = {3540541489},

@article{cantu2003inducing,
	Author = {Cantu-Paz, E. and Kamath, C.},
	Journal = {IEEE Transactions on Evolutionary Computation},
	Number = {1},
	Pages = {54--68},
	Publisher = {IEEE},
	Title = {{Inducing Oblique Decision Trees with Evolutionary Algorithms}},
	Volume = {7},
	Year = {2003}}

@book{michalewicz1994genetic,
	Author = {Michalewicz, Z.},

	Publisher = {Springer-Verlag, New York},
	Title = {{Genetic Algorithms Plus Data Structures Equals Evolution Programs}},
	Year = {1994}}
%Isbn = {0387580905},

@book{holland,
	Author = {Holland, J.H.},

	Publisher = {MIT Press, Cambridge, MA},

	Title = {{Adaptation in Natural and Artificial Systems: An Introductory Analysis With Applications to Biology, Control, and Artificial Intelligence}},
	Year = {1992}}
%Isbn = {0262581116},

@book{fogel,
	Author = {Fogel, LJ and Owens, AJ and Walsh, MJ},

	Publisher = {John Wiley \& Sons, New York},
	Title = {{Artificial Intelligence Through Simulated Evolution}},
	Year = {1966}}
%Isbn = {0471265160},

@book{koza,
	Author = {Koza, J.R. and Rice, J.P.},

	Publisher = {MIT Press Cambridge, MA},
	Title = {{Genetic Programming}},
	Volume = {12},
	Year = {1993}}
%Isbn = {9780262111706},

@book{rechenberg,
	Author = {Rechenberg, I.},

	Publisher = {Frommann-Holzboog Verlag, Stuttgart},
	Title = {{Evolutionsstrategie: Optimierung Technischer Systeme nach Prinzipien der Biologischen Evolution}},
	Year = {1973}}
%Isbn = {3772803733},

@book{ripley,
	Author = {Ripley, B.D.},

	Publisher = {Cambridge University Press, Cambridge},
	Title = {{Pattern Recognition and Neural Networks}},
	Year = {2008}}
%Isbn = {0521717701},

@article{nelder1972generalized,
	Author = {Nelder, J.A. and Wedderburn, R.W.M.},
	Journal = {Journal of the Royal Statistical Society. Series A (General)},
	Number = {3},
	Pages = {370--384},
	Publisher = {JSTOR},
	Title = {{Generalized Linear Models}},
	Volume = {135},
	Year = {1972}}

@book{vapnik1995nature,
	Author = {Vapnik, V.N.},

	Publisher = {Springer-Verlag, New York},
	Title = {{The Nature of Statistical Learning Theory}},
	Year = {1995}}
%Isbn = {0387987800},

@article{rosenblatt1958perceptron,
	Author = {Rosenblatt, F.},
	Journal = {Psychological Review},
	Number = {6},
	Pages = {386--408},
	Title = {{The Perceptron: A Probabilistic Model for Information Storage and Organization in the Brain}},
	Volume = {65},
	Year = {1958}}

@article{silverman1989fix,
	Author = {Silverman, BW and Jones, MC},
	Journal = {International Statistical Review/Revue Internationale de Statistique},
	Number = {3},
	Pages = {233--238},
	Publisher = {JSTOR},
	Title = {{E. Fix and JL Hodges (1951): An Important Contribution to Nonparametric Discriminant Analysis and Density Estimation: Commentary on Fix and Hodges (1951)}},
	Volume = {57},
	Year = {1989}}

@inproceedings{lewis1998naive,
    author = {Lewis, D.},
    booktitle = {Proceedings of ECML-98, 10th European Conference on Machine Learning},
    pages = {4--15},
    publisher = {Springer-Verlag, New York},
    title = {{Naive (Bayes) at Forty: The Independence Assumption in Information Retrieval.}},
    year = {1998}
}


@incollection{buhlmann2004bagging,
	Author = {B{\"u}hlmann, P.},
	Booktitle = {Handbook of Computational Statistics},

	Pages = {877--907},
	Publisher = {Springer-Verlag, New York},
	Title = {{Bagging, Boosting and Ensemble Methods}},
	Year = {2004}}
%Isbn = {3540404643},

@incollection{valentini2002ensembles,
	Author = {Giorgio Valentini and Francesco Masulli},
	Booktitle = {Neural Nets WIRN Vietri-02},
	Pages = {3--19},
	Publisher = {Springer-Verlag, New York},
	Series = {Lecture Notes in Computer Science},
	Title = {{Ensembles of Learning Machines}},
	Year = {2002}}

@incollection{dietterich2000ensemble,
	Author = {Dietterich, T.},
	Booktitle = {Multiple Classifier Systems},

	Pages = {1--15},
	Publisher = {Springer-Verlag, New York},
	Series = {Lecture Notes in Computer Science},
	Title = {{Ensemble Methods in Machine Learning}},
	Year = {2000}}
%	Isbn = {3540677046},
%	Issn = {0302-9743},

@incollection{dietterich2002,
	Author = {Dietterich, T.},
	Booktitle = {The Handbook of Brain Theory and Neural Networks, Second Edition},

	Pages = {405--408},
	Publisher = {The MIT Press, MA},
	Title = {{Ensemble Learning}},
	Year = {2002}}
%Isbn = {0262011972},

@article{dietterich2000experimental,
	Title = {{An Experimental Comparison of Three Methods for Constructing Ensembles of Decision Trees: Bagging, Boosting, and Randomization}},
	Author = {Dietterich, T.G.},
	Journal = {Machine learning},
	Number = {2},
	Pages = {139--157},
	Publisher = {Springer-Verlag},
	Volume = {40},
	Year = {2000}}

@article{geurts2006extremely,
	Title = {{Extremely Randomized Trees}},
	Author = {Geurts, P. and Ernst, D. and Wehenkel, L.},
	Journal = {Machine Learning},
	Number = {1},
	Pages = {3--42},
	Publisher = {Springer-Verlag},
	Volume = {63},
	Year = {2006}}

@article{freund1997desicion,
	Title = {{A Desicion-Theoretic Generalization of On-Line Learning and an Application to Boosting}},
	Author = {Freund, Y. and Schapire, R.},
	Journal = {Journal of Computer and System Sciences},
	Number = {1},
	Organization = {Springer-Verlag},
	Pages = {119--139},
	Volume = {55},
	Year = {1997}}

@article{strobl2009introduction,
  title={{An Introduction to Recursive Partitioning: Rationale, Application, and Characteristics of Classification and Regression Trees, Bagging, and Random Forests}},
  author={Strobl, C. and Malley, J. and Tutz, G.},
  journal={Psychological Methods},
  volume={14},
  number={4},
  pages={323--348},
  year={2009},
  publisher={American Psychological Association}
}


@article{hansen1990neural,
  title={{Neural Network Ensembles}},
  author={Hansen, L.K. and Salamon, P.},
  journal={IEEE Transactions on Pattern Analysis and Machine Intelligence},
  volume={12},
  number={10},
  pages={993--1001},
  year={1990},
  publisher={IEEE}
}

@article{kim2003constructing,
  title={{Constructing Support Vector Machine Ensemble}},
  author={Kim, H.C. and Pang, S. and Je, H.M. and Kim, D. and Yang Bang, S.},
  journal={Pattern Recognition},
  volume={36},
  number={12},
  pages={2757--2767},
  year={2003},
  publisher={Elsevier}
}


@inproceedings{pedersen2000simple,
  title={A Simple Approach to Building Ensembles of Naive Bayesian Classifiers for Word Sense Disambiguation},
  author={Pedersen, T.},
  booktitle={Proceedings of the 1st North American Chapter of the Association for Computational Linguistics Conference},
  pages={63--69},
  year={2000},
  organization={Morgan Kaufmann Publishers Inc.}
}


  @Article{rweka,
    title = {{Open-Source Machine Learning: \proglang{R} Meets \proglang{Weka}}},
    author = {Kurt Hornik and Christian Buchta and Achim Zeileis},
    journal = {Computational Statistics},
    year = {2009},
    volume = {24},
    number = {2},
    pages = {225--232}
  }

  @Book{weka,
    title = {{Data Mining: Practical Machine Learning Tools and Techniques}},
    author = {Ian H. Witten and Eibe Frank},
    year = {2005},
    edition = {2nd},
    publisher = {Morgan Kaufmann},
    address = {San Francisco}
  }

@article{ruczinski2003logic,
  title={Logic regression},
  author={Ruczinski, I. and Kooperberg, C. and LeBlanc, M.},
  journal={Journal of Computational and Graphical Statistics},
  volume={12},
  number={3},
  pages={475--511},
  year={2003},
  publisher={American Statistical Association}
}

