@article{hothorn2006unbiased,
  title={Unbiased {Recursive} {Partitioning}: {A} {Conditional} {Inference} {Framework}},
  author={Hothorn, Torsten and Hornik, Kurt and Zeileis, Achim},
  journal={Journal of Computational and Graphical Statistics},
  volume={15},
  number={3},
  pages={651--674},
  year={2006},
  publisher={Taylor \& Francis},
  doi={10.1198/106186006X133933}
}



@article{zeileis2008model,
  title={Model-{Based} {Recursive} {Partitioning}},
  author={Zeileis, Achim and Hothorn, Torsten and Hornik, Kurt},
  journal={Journal of Computational and Graphical Statistics},
  volume={17},
  number={2},
  pages={492--514},
  year={2008},
  publisher={Taylor \& Francis},
  doi={10.1198/106186008X319331}
}


@article{zeileis2008implementing,
  title={Implementing a {Class} of {Permutation} {Tests}: {The} {Coin} {Package}},
  author={Zeileis, Achim and Wiel, Mark A and Hornik, Kurt and Hothorn, Torsten},
  journal={Journal of Statistical Software},
  volume={28},
  number={8},
  pages={1--23},
  year={2008},
  publisher={American Statistical Association},
  doi={10.18637/jss.v028.i08}
}


@article{hothorn2015partykit,
  title={partykit: {A} {Modular} {Toolkit} for {Recursive} {Partytioning} in {R}},
  author={Hothorn, Torsten and Zeileis, Achim},
  journal={Journal of Machine Learning Research},
  volume={16},
  pages={3905--3909},
  year={2015},
  url={http://www.jmlr.org/papers/v16/hothorn15a.html}
}


@article{Messner2016,
  author = {Messner, Jakob~W and Mayr, Georg~J and Zeileis, Achim},
  title = {Heteroscedastic Censored and Truncated Regression with {crch}},
  journal = {The R Journal},
  year = {2016},
  volume = {8},
  number = {1},
  pages = {173--181},
  url = {https://journal.R-project.org/archive/2016-1/messner-mayr-zeileis.pdf}
}


@article{zeileis2010party,
  title={Party with the {MOB}: {Model-Based} {Recursive} {Partitioning} in {R}},
  author={Zeileis, Achim and Hothorn, Torsten and Hornik, Kurt},
  journal={R package version 0.9-9999},
  year={2010},
  url={https://cran.r-project.org/web/packages/party/vignettes/MOB.pdf}
}


@article{hothorn2015package,
  title={Package 'party'},
  author={Hothorn, Torsten and Hornik, Kurt and Strobl, Carolin and Zeileis, Achim and Hothorn, Maintainer Torsten},
  journal={Package Reference Manual for Party Version 0.9--0.998},
  volume={16},
  pages={37},
  year={2015}
}


@article{Seibold2016,
  author = {Seibold, Heidi and Zeileis, Achim and Hothorn, Torsten},
  title = {Model-Based Recursive Partitioning for Subgroup Analyses},
  journal = {The International Journal of Biostatistics},
  year = {2016},
  volume = {12},
  number = {1},
  pages = {45--63},
  doi = {10.1515/ijb-2015-0032}
}


@article{Seibold2017,
  author = {Seibold, Heidi and Zeileis, Achim and Hothorn, Torsten},
  title = {Individual Treatment Effect Prediction for Amyotrophic Lateral Sclerosis Patients},
  journal = {Statistical Methods in Medical Research},
  year = {2017},
  note = {Forthcoming},
  doi = {10.1177/0962280217693034}
}


@article{breiman2001random,
  title={Random {Forests}},
  author={Breiman, Leo},
  journal={Machine Learning},
  volume={45},
  number={1},
  pages={5--32},
  year={2001},
  publisher={Springer},
  doi={10.1023/A:1010933404324}
}



@article{loh2011classification,
  title={Classification and {Regression} {Trees}},
  author={Loh, Wei-Yin},
  journal={Wiley Interdisciplinary Reviews: Data Mining and Knowledge Discovery},
  volume={1},
  number={1},
  pages={14--23},
  year={2011},
  publisher={Wiley Online Library},
  doi={10.1002/widm.8}
}



@article{stasinopoulos2007generalized,
  title={Generalized {Additive} {Models} for {Location} {Scale} and {Shape} ({GAMLSS}) in {R}},
  author={Stasinopoulos, D Mikis and Rigby, Robert A and others},
  journal={Journal of Statistical Software},
  volume={23},
  number={7},
  pages={1--46},
  year={2007},
  doi={10.18637/jss.v023.i07}
}



@article{stasinopoulos2005,
  title = {Generalized {Additive} {Models} for {Location} {Scale} and {Shape} (with discussion)},
  journal = {Applied Statistics},
  volume = {54},
  part = {3},
  pages = {507-554},
  year = {2005},
  author = {Stasinopoulos, D Mikis and Rigby, Robert A and others},
  doi={10.1111/j.1467-9876.2005.00510.x}
}



@article{yee2010vgam,
  title = {The {VGAM} Package for Categorical Data Analysis},
  author = {Yee, Thomas W},
  journal = {Journal of Statistical Software},
  year = {2010},
  volume = {32},
  number = {10},
  pages = {1--34},
  url = {http://www.jstatsoft.org/v32/i10/},
}



@TechReport{bamlss2017,
  title = {{BAMLSS}: {B}ayesian Additive Models for Location, Scale
    and Shape (and Beyond)},
  author = {Umlauf, Nikolaus and Klein, Nadja and Zeileis, Achim},
  institution = {Working Papers in Economics and Statistics, Research
    Platform Empirical and Experimental Economics, Universit\"at
    Innsbruck},
  year = {2017},
  type = {Working Paper},
  number = {2017-05},
  month = {February},
  url = {http://EconPapers.RePEc.org/RePEc:inn:wpaper:2017-05},
}



@Manual{gamboostLSS2017,
  title = {{gamboostLSS}: Boosting Methods for {GAMLSS} Models},
  author = {Hofner, Benjamin and Mayr, Andreas and Fenske, Nora and Schmid, Matthias},
  year = {2017},
  note = {{R} package version 2.0-0},
  url = {https://CRAN.R-project.org/package=gamboostLSS},
}



@Article{randomForest2002,
  title = {Classification and Regression by randomForest},
  author = {Liaw, Andy and Wiener, Matthew},
  journal = {R News},
  year = {2002},
  volume = {2},
  number = {3},
  pages = {18-22},
  url = {http://CRAN.R-project.org/doc/Rnews/},
}



@article{gneiting2005calibrated,
  title={Calibrated probabilistic forecasting using ensemble model output statistics and minimum CRPS estimation},
  author={Gneiting, Tilmann and Raftery, Adrian E and Westveld III, Anton H and Goldman, Tom},
  journal={Monthly Weather Review},
  volume={133},
  number={5},
  pages={1098--1118},
  year={2005},
  doi = {https://doi.org/10.1175/MWR2904.1}
}

@article{Gebetsberger2017,
  author = {Manuel Gebetsberger and Jakob W. Messner and Georg J. Mayr and Achim Zeileis},
  title = {Fine-Tuning Non-Homogeneous Regression for Probabilistic Precipitation Forecasts: Unanimous Predictions, Heavy Tails, and Link Functions},
  journal = {Monthly Weather Review},
  year = {2017},
  note = {Forthcoming},
  doi = {10.1175/MWR-D-16-0388.1}
}

@article{Klein2015,
  author = {Nadja Klein and Thomas Kneib and Stefan Lang and Alexander Sohn},
  title = {Bayesian structured additive distributional regression with an application to regional income inequality in Germany},
  journal = {Annals of Applied Statistics},
  year = {2015},
  volume={9},
  number={2},
  pages={1024--1052},
  doi = {10.1214/15-AOAS823}
}