@Book{mloss:Quinlan:1993,
  title		= {C4.5: Programs for Machine Learning},
  author	= {J. Ross Quinlan},
  publisher	= {Morgan Kaufmann Publishers},
  year		= {1993},
  address	= {San Mateo, CA},
}

@Book{mloss:Breiman+Friedman+Olshen:1984, 
  author	= {Leo Breiman and Jerome H. Friedman and Richard A. Olshen and Charles J. Stone},
  title		= {Classification and Regression Trees},
  publisher	= {Wadsworth},
  address	= {Belmont, California},
  year		= {1984},
} 

@Book{mloss:Witten+Frank:2005,
  title		= {Data Mining: Practical Machine Learning Tools and Techniques},
  author	= {Ian H. Witten and Eibe Frank},
  year		= {2005},
  edition	= {2nd},
  publisher	= {Morgan Kaufmann},
  address	= {San Francisco},
}

@Manual{mloss:R:2007,
  title		= {\proglang{R}: {A} Language and Environment for Statistical Computing},
  author	= {{\proglang{R} Core Team}},
  organization	= {\proglang{R} Foundation for Statistical Computing},
  address	= {Vienna, Austria},
  year		= {2013},
  url		= {http://www.R-project.org/}
}

@Article{mloss:Hothorn+Hornik+Zeileis:2006,
  author	= {Torsten Hothorn and Kurt Hornik and Achim Zeileis},
  title		= {Unbiased Recursive Partitioning: {A} Conditional Inference Framework},
  journal	= {Journal of Computational and Graphical Statistics},
  year		= {2006},
  volume	= {15},
  number	= {3},
  pages		= {651--674},
  doi		= {10.1198/106186006X133933},
}

@Article{mloss:Strobl+Boulesteix+Zeileis:2007,
  author	= {Carolin Strobl and Anne-Laure Boulesteix and Achim Zeileis and Torsten Hothorn},
  title		= {Bias in Random Forest Variable Importance Measures: Illustrations, Sources and a Solution},
  journal	= {{BMC} Bioinformatics},
  year		= {2007},
  volume	= {8},
  number	= {25},
  doi		= {10.1186/1471-2105-8-25}
}

@Article{mloss:Zeileis+Hothorn+Hornik:2008,
  author	= {Achim Zeileis and Torsten Hothorn and Kurt Hornik},
  title		= {Model-Based Recursive Partitioning},
  journal	= {Journal of Computational and Graphical Statistics},
  year		= {2008},
  volume	= {17},
  number	= {2},
  pages		= {492--514},
  doi		= {10.1198/106186008X319331}
}
