% Encoding: UTF-8

@book{VerbyMole09,
  title={Linear Mixed Models for Longitudinal Data},
  author={Verbeke, Geert and Molenberghs, Geert},
  year={2009},
  publisher={Springer Science \& Business Media}
}

@Article{Free06,
  author    = {Freedman, David A},
  title     = {On the so-called "Huber sandwich estimator" and "robust standard errors"},
  journal   = {The American Statistician},
  year      = {2006},
  volume    = {60},
  number    = {4},
  pages     = {299--302},
  publisher = {Taylor \& Francis},
}

@article{ZegeyKari91,
  title={Generalized linear models with random effects; a Gibbs sampling approach},
  author={Zeger, Scott L and Karim, M Rezaul},
  journal={Journal of the American statistical association},
  volume={86},
  number={413},
  pages={79--86},
  year={1991},
  publisher={Taylor \& Francis}
}


@Manual{StewyAbdo12,
  title = {longRPart: Recursive partitioning of longitudinal data using mixed-effects models},
  author = {Sam Stewart and Mohamed Abdolell},
  year = {2012},
  note = {R package},
  url = {https://CRAN.R-project.org/package=longRPart},
}

 @Manual{R22,
    title = {R: A Language and Environment for Statistical Computing},
    author = {{R Core Team}},
    organization = {R Foundation for Statistical Computing},
    address = {Vienna, Austria},
    year = {2022},
    url = {https://www.R-project.org/},
  }

@Article{BaueyCai09,
  author    = {Bauer, Daniel J and Cai, Li},
  title     = {Consequences of unmodeled nonlinear effects in multilevel models},
  journal   = {Journal of Educational and Behavioral Statistics},
  year      = {2009},
  volume    = {34},
  number    = {1},
  pages     = {97--114},
  publisher = {Sage Publications Sage CA: Los Angeles, CA},
}

@Article{HajjyBell11,
  author    = {Hajjem, Ahlem and Bellavance, Fran{\c{c}}ois and Larocque, Denis},
  title     = {Mixed effects regression trees for clustered data},
  journal   = {Statistics \& probability letters},
  year      = {2011},
  volume    = {81},
  number    = {4},
  pages     = {451--459},
  publisher = {Elsevier},
}

@Article{HajjyLaro17,
  author    = {Hajjem, Ahlem and Larocque, Denis and Bellavance, Fran{\c{c}}ois},
  title     = {Generalized mixed effects regression trees},
  journal   = {Statistics \& Probability Letters},
  year      = {2017},
  volume    = {126},
  pages     = {114--118},
  publisher = {Elsevier},
}

@Article{HajjyBell14,
  author    = {Hajjem, Ahlem and Bellavance, Fran{\c{c}}ois and Larocque, Denis},
  title     = {Mixed-effects random forest for clustered data},
  journal   = {Journal of Statistical Computation and Simulation},
  year      = {2014},
  volume    = {84},
  number    = {6},
  pages     = {1313--1328},
  publisher = {Taylor \& Francis},
}

@Article{EoyCho14,
  author    = {Eo, Soo-Heang and Cho, HyungJun},
  title     = {Tree-structured mixed-effects regression modeling for longitudinal data},
  journal   = {Journal of Computational and Graphical Statistics},
  year      = {2014},
  volume    = {23},
  number    = {3},
  pages     = {740--760},
  publisher = {Taylor \& Francis},
}

@Article{Simo13,
  author    = {Simonoff, Jeffrey S},
  title     = {Regression tree-based diagnostics for linear multilevel models},
  journal   = {Statistical Modelling},
  year      = {2013},
  volume    = {13},
  number    = {5-6},
  pages     = {459--480},
  publisher = {SAGE Publications Sage India: New Delhi, India},
}

@Article{SelaySimo12,
  author    = {Sela, Rebecca J and Simonoff, Jeffrey S},
  title     = {RE-EM trees: a data mining approach for longitudinal and clustered data},
  journal   = {Machine learning},
  year      = {2012},
  volume    = {86},
  number    = {2},
  pages     = {169--207},
  publisher = {Springer},
}

@Article{FuySimo15,
  author    = {Fu, Wei and Simonoff, Jeffrey S},
  title     = {Unbiased regression trees for longitudinal and clustered data},
  journal   = {Computational Statistics \& Data Analysis},
  year      = {2015},
  volume    = {88},
  pages     = {53--74},
  publisher = {Elsevier},
}

@Article{Finc15,
  author  = {Finch, W.H.},
  journal = {General Linear Model Journal},
  title   = {Recursive Partitioning in the Presence of Multilevel Data},
  year    = {2015},
  number  = {2},
  volume  = {41},
}

@Article{KarpyHill09,
  author    = {Karpievitch, Yuliya V and Hill, Elizabeth G and Leclerc, Anthony P and Dabney, Alan R and Almeida, Jonas S},
  title     = {An introspective comparison of random forest-based classifiers for the analysis of cluster-correlated data by way of RF++},
  journal   = {PloS one},
  year      = {2009},
  volume    = {4},
  number    = {9},
  pages     = {e7087},
  publisher = {Public Library of Science},
}

@Book{Mart15,
  author    = {Martin, Daniel P},
  publisher = {PhD thesis},
  title     = {Efficiently Exploring Multilevel Data with Recursive Partitioning.},
  year      = {2015},
  address   = {University of Virginia},
  journal   = {Society for Research on Educational Effectiveness},
}

@Article{MartyOert15,
  author    = {Martin, Daniel P and von Oertzen, Timo},
  journal   = {Structural Equation Modeling: A Multidisciplinary Journal},
  title     = {Growth mixture models outperform simpler clustering algorithms when detecting longitudinal heterogeneity, even with small sample sizes},
  year      = {2015},
  number    = {2},
  pages     = {264--275},
  volume    = {22},
  publisher = {Taylor \& Francis},
}

@Article{DeAt02,
  author    = {De'Ath, Glenn},
  title     = {Multivariate regression trees: A new technique for modeling species--environment relationships},
  journal   = {Ecology},
  year      = {2002},
  volume    = {83},
  number    = {4},
  pages     = {1105--1117},
  publisher = {Wiley Online Library},
}

@Article{AbdoyLeBl02,
  author    = {Abdolell, M and LeBlanc, M and Stephens, D and Harrison, RV},
  title     = {Binary partitioning for continuous longitudinal data: categorizing a prognostic variable},
  journal   = {Statistics in Medicine},
  year      = {2002},
  volume    = {21},
  number    = {22},
  pages     = {3395--3409},
  publisher = {Wiley Online Library},
}

@Article{Sega92,
  author    = {Segal, Mark Robert},
  title     = {Tree-structured methods for longitudinal data},
  journal   = {Journal of the American Statistical Association},
  year      = {1992},
  volume    = {87},
  number    = {418},
  pages     = {407--418},
  publisher = {Taylor \& Francis Group},
}

@Article{Loh14,
  author    = {Loh, Wei-Yin},
  title     = {Fifty years of classification and regression trees},
  journal   = {International Statistical Review},
  year      = {2014},
  volume    = {82},
  number    = {3},
  pages     = {329--348},
  publisher = {Wiley Online Library},
}

@Article{Zhan98,
  author    = {Zhang, Heping},
  title     = {Classification trees for multiple binary responses},
  journal   = {Journal of the American Statistical Association},
  year      = {1998},
  volume    = {93},
  number    = {441},
  pages     = {180--193},
  publisher = {Taylor \& Francis Group},
}

@Article{ZhanyYe08,
  author    = {Zhang, Heping and Ye, Yuanqing},
  title     = {A tree-based method for modeling a multivariate ordinal response},
  journal   = {Statistics and its interface},
  year      = {2008},
  volume    = {1},
  number    = {1},
  pages     = {169},
  publisher = {NIH Public Access},
}

@Article{YuyLamb99,
  author    = {Yu, Yan and Lambert, Diane},
  title     = {Fitting trees to functional data, with an application to time-of-day patterns},
  journal   = {Journal of Computational and graphical Statistics},
  year      = {1999},
  volume    = {8},
  number    = {4},
  pages     = {749--762},
  publisher = {Taylor \& Francis Group},
}

@Article{LarsySpec04,
  author    = {Larsen, David R and Speckman, Paul L},
  title     = {Multivariate regression trees for analysis of abundance data},
  journal   = {Biometrics},
  year      = {2004},
  volume    = {60},
  number    = {2},
  pages     = {543--549},
  publisher = {Wiley Online Library},
}

@Article{GillyShel74,
  author    = {Gillo, Martin W and Shelly, Maynard W},
  title     = {Predictive modeling of multivariable and multivariate data},
  journal   = {Journal of the American Statistical Association},
  year      = {1974},
  volume    = {69},
  number    = {347},
  pages     = {646--653},
  publisher = {Taylor \& Francis},
}

@Article{StegyJaco18,
  author    = {Stegmann, Gabriela and Jacobucci, Ross and Serang, Sarfaraz and Grimm, Kevin J},
  title     = {Recursive Partitioning with Nonlinear Models of Change},
  journal   = {Multivariate behavioral research},
  year      = {2018},
  pages     = {1--12},
  publisher = {Taylor \& Francis},
}

@Article{BranyOert13,
  author    = {Brandmaier, Andreas M and von Oertzen, Timo and McArdle, John J and Lindenberger, Ulman},
  title     = {Structural equation model trees},
  journal   = {Psychological Methods},
  year      = {2013},
  volume    = {18},
  number    = {1},
  pages     = {71},
  publisher = {American Psychological Association},
}

@Article{GhisySpin04,
  author    = {Ghisletta, Paolo and Spini, Dario},
  title     = {An introduction to generalized estimating equations and an application to assess selectivity effects in a longitudinal study on very old individuals},
  journal   = {Journal of Educational and Behavioral Statistics},
  year      = {2004},
  volume    = {29},
  number    = {4},
  pages     = {421--437},
  publisher = {Sage Publications Sage CA: Los Angeles, CA},
}

 @Book{PinhyBate00,
  title = {Mixed-Effects Models in S and S-PLUS},
  author = {Jos√© C. Pinheiro and Douglas M. Bates},
  year = {2000},
  publisher = {Springer},
  address = {New York},
  doi = {10.1007/b98882},
}

@Article{BateyMach15,
  title = {Fitting Linear Mixed-Effects Models Using {lme4}},
  author = {Douglas Bates and Martin M{\"a}chler and Ben Bolker and Steve Walker},
  journal = {Journal of Statistical Software},
  year = {2015},
  volume = {67},
  number = {1},
  pages = {1--48},
  doi = {10.18637/jss.v067.i01},
}

@Manual{Kund21,
    title = {LongCART: Recursive Partitioning for Longitudinal Data and Right Censored Data Using Baseline Covariates},
    author = {Madan G Kundu},
    year = {2021},
    note = {R package},
    url = {https://CRAN.R-project.org/package=LongCART},
}

@Article{Ross12,
    title = {{lavaan}: An {R} Package for Structural Equation Modeling},
    author = {Yves Rosseel},
    journal = {Journal of Statistical Software},
    year = {2012},
    volume = {48},
    number = {2},
    pages = {1--36},
    doi = {10.18637/jss.v048.i02},
}

@Article{HuyGold98,
  author    = {Hu, Frank B and Goldberg, Jack and Hedeker, Donald and Flay, Brian R and Pentz, Mary Ann},
  title     = {Comparison of population-averaged and subject-specific approaches for analyzing repeated binary outcomes},
  journal   = {American Journal of Epidemiology},
  year      = {1998},
  volume    = {147},
  number    = {7},
  pages     = {694--703},
  publisher = {Oxford University Press},
}

@Article{BergyGrah17,
  author  = {Berger, Susanne and Graham, Nathaniel and Zeileis, Achim},
  title   = {{Various versatile variances: An object-oriented implementation of clustered covariances in R}},
  journal = {Working Papers in Economics and Statistics, University of Innsbruck},
  year    = {2017},
  volume  = {2017},
  number  = {12},
}

@Article{FokkyyZeil18,
  author    = {Fokkema, Marjolein and Smits, Niels and Zeileis, Achim and Hothorn, Torsten and Kelderman, Henk},
  title     = {Detecting treatment-subgroup interactions in clustered data with generalized linear mixed-effects model trees},
  journal   = {Behavior Research Methods},
  year      = {2018},
  volume    = {50},
  number    = {5},
  pages     = {2016--2034},
  publisher = {Springer},
}

@Article{Zeil06,
  author  = {Zeileis, Achim},
  title   = {Object-oriented computation of sandwich estimators},
  journal = {Journal of Statistical Software},
  year    = {2006},
  volume  = {16},
  number  = {9},
}

@Article{UsamyHaye15,
  author    = {Usami, Satoshi and Hayes, Timothy and McArdle, John J},
  journal   = {Multivariate Behavioral Research},
  title     = {On the mathematical relationship between latent change score and autoregressive cross-lagged factor approaches: Cautions for inferring causal relationship between variables},
  year      = {2015},
  number    = {6},
  pages     = {676--687},
  volume    = {50},
  publisher = {Taylor \& Francis},
}

@Article{WeiyLiu20,
  author    = {Wei, Yishu and Liu, Lei and Su, Xiaogang and Zhao, Lihui and Jiang, Hongmei},
  journal   = {Statistical Methods in Medical Research},
  title     = {Precision medicine: Subgroup identification in longitudinal trajectories},
  year      = {2020},
  doi       = {10.1177/0962280220904114},
  publisher = {SAGE Publications Sage UK: London, England},
}

@Article{UsamyJaco19,
  author    = {Usami, Satoshi and Jacobucci, Ross and Hayes, Timothy},
  journal   = {Computational Statistics},
  title     = {The performance of latent growth curve model-based structural equation model trees to uncover population heterogeneity in growth trajectories},
  year      = {2019},
  number    = {1},
  pages     = {1--22},
  volume    = {34},
  doi       = {10.1007/s00180-018-0815-x},
  publisher = {Springer},
}

@Article{UsamyHaye17,
  author    = {Usami, Satoshi and Hayes, Timothy and McArdle, John},
  journal   = {Structural Equation Modeling: A Multidisciplinary Journal},
  title     = {Fitting structural equation model trees and latent growth curve mixture models in longitudinal designs: The influence of model misspecification},
  year      = {2017},
  number    = {4},
  pages     = {585--598},
  volume    = {24},
  doi       = {10.1080/10705511.20161266267},
  publisher = {Taylor \& Francis},
}

@Article{SpeiyWolf19,
  author    = {Speiser, Jaime Lynn and Wolf, Bethany J and Chung, Dongjun and Karvellas, Constantine J and Koch, David G and Durkalski, Valerie L},
  journal   = {Chemometrics and Intelligent Laboratory Systems},
  title     = {{BiMM forest: A random forest method for modeling clustered and longitudinal binary outcomes}},
  year      = {2019},
  pages     = {122--134},
  volume    = {185},
  publisher = {Elsevier},
}

@Article{SpeiyWolf18,
  author    = {Speiser, Jaime Lynn and Wolf, Bethany J and Chung, Dongjun and Karvellas, Constantine J and Koch, David G and Durkalski, Valerie L},
  journal   = {Communications in Statistics-Simulation and Computation},
  title     = {{BiMM tree: a decision tree method for modeling clustered and longitudinal binary outcomes}},
  year      = {2018},
  pages     = {1--20},
  publisher = {Taylor \& Francis},
}

@Article{ZeilyHoth08,
  author    = {Zeileis, Achim and Hothorn, Torsten and Hornik, Kurt},
  journal   = {Journal of Computational and Graphical Statistics},
  title     = {Model-based recursive partitioning},
  year      = {2008},
  number    = {2},
  pages     = {492--514},
  volume    = {17},
  doi       = {10.1198/106186008X319331},
  publisher = {Taylor \& Francis},
}

@Article{FokkySmit18,
  author    = {Fokkema, Marjolein and Smits, Niels and Zeileis, Achim and Hothorn, Torsten and Kelderman, Henk},
  journal   = {Behavior research methods},
  title     = {Detecting treatment-subgroup interactions in clustered data with generalized linear mixed-effects model trees},
  year      = {2018},
  number    = {5},
  pages     = {2016--2034},
  volume    = {50},
  doi       = {10.3758/s13428-017-0971-x},
  publisher = {Springer},
}

@Article{LindyBate90,
  author    = {Lindstrom, Mary J and Bates, Douglas M},
  journal   = {Biometrics},
  title     = {Nonlinear mixed effects models for repeated measures data},
  year      = {1990},
  pages     = {673--687},
  doi       = {10.2307/2532087},
  publisher = {JSTOR},
}

@Book{GyoryLasz06,
  author    = {Gy{\"o}rfi, L{\'a}szl{\'o} and Kohler, Michael and Krzyzak, Adam and Walk, Harro},
  publisher = {Springer Verlag},
  title     = {A distribution-free theory of nonparametric regression},
  year      = {2006},
  address   = {New York, NY},
}

@article{NeisyMatt18,
  title={Differentiating between mixed-effects and latent-curve approaches to growth modeling},
  author={McNeish, Daniel and Matta, Tyler},
  journal={Behavior research methods},
  volume={50},
  number={4},
  pages={1398--1414},
  year={2018},
  publisher={Springer}
}


@Article{Lee05,
  author    = {Lee, Seong Keon},
  journal   = {Computational Statistics \& Data Analysis},
  title     = {On generalized multivariate decision tree by using GEE},
  year      = {2005},
  number    = {4},
  pages     = {1105--1119},
  volume    = {49},
  doi       = {10.1016/j.csda.2004.07.003},
  publisher = {Elsevier},
}

@Article{ChauyLo95,
  author    = {Chaudhuri, Probal and Lo, Wen-Da and Loh, Wei-Yin and Yang, Ching-Ching},
  journal   = {Statistica Sinica},
  title     = {Generalized regression trees},
  year      = {1995},
  pages     = {641--666},
  doi       = {ccc},
  publisher = {JSTOR},
  url       = {https://www.jstor.org/stable/24305062},
}

@Article{WangyMerk18,
  author  = {Wang, Ting and Merkle, Edgar C},
  journal = {Journal of Statistical Software, Code Snippets},
  title   = {merDeriv: Derivative computations for linear mixed effects models with application to robust standard errors},
  year    = {2018},
  number  = {1},
  pages   = {1--16},
  volume  = {87},
  doi     = {10.18637/jss.v087.c01},
}

@Article{Shih04,
  author    = {Shih, Y-S},
  journal   = {Computational statistics \& data analysis},
  title     = {A note on split selection bias in classification trees},
  year      = {2004},
  number    = {3},
  pages     = {457--466},
  volume    = {45},
  doi       = {10.1016/S0167-9473(03)00064-1},
  publisher = {Elsevier},
}

@Article{ShihyTsai04,
  author    = {Shih, Yu-Shan and Tsai, Hsin-Wen},
  journal   = {Computational statistics \& data analysis},
  title     = {Variable selection bias in regression trees with constant fits},
  year      = {2004},
  number    = {3},
  pages     = {595--607},
  volume    = {45},
  doi       = {10.1016/S0167-9473(03)00036-7},
  publisher = {Elsevier},
}

@Article{LohyShih97,
  author    = {Loh, Wei-Yin and Shih, Yu-Shan},
  journal   = {Statistica sinica},
  title     = {Split selection methods for classification trees},
  year      = {1997},
  pages     = {815--840},
  publisher = {JSTOR},
  url       = {https://www.jstor.org/stable/24306157},
}

@Article{KimyLoh01,
  author    = {Kim, Hyunjoong and Loh, Wei-Yin},
  journal   = {Journal of the American Statistical Association},
  title     = {Classification trees with unbiased multiway splits},
  year      = {2001},
  number    = {454},
  pages     = {589--604},
  volume    = {96},
  doi       = {10.1198/016214501753168271},
  publisher = {Taylor \& Francis},
}

@Article{SuyMene11,
  author    = {Su, Xiaogang and Meneses, Karen and McNees, Patrick and Johnson, Wesley O},
  journal   = {Journal of the Royal Statistical Society: Series C (Applied Statistics)},
  title     = {Interaction trees: exploring the differential effects of an intervention programme for breast cancer survivors},
  year      = {2011},
  number    = {3},
  pages     = {457--474},
  volume    = {60},
  doi       = {10.1111/j.1467-9876.2010.00754.x},
  publisher = {Wiley Online Library},
}

@Article{Loh09,
  author    = {Loh, Wei-Yin},
  journal   = {The Annals of Applied Statistics},
  title     = {Improving the precision of classification trees},
  year      = {2009},
  pages     = {1710--1737},
  publisher = {JSTOR},
  url       = {https://www.jstor.org/stable/27801568},
}

@Article{BergySchm17,
  author    = {van den Bergh, Mattis and Schmittmann, Verena D and Vermunt, Jeroen K},
  journal   = {Methodology: European Journal of Research Methods for the Behavioral and Social Sciences},
  title     = {Building latent class trees, with an application to a study of social capital.},
  year      = {2017},
  number    = {S1},
  pages     = {13},
  volume    = {13},
  doi       = {10.1027/1614-2241/a000128},
  publisher = {Hogrefe Publishing},
}

@Article{Loh02,
  author    = {Loh, Wei-Yin},
  journal   = {Statistica Sinica},
  title     = {Regression trees with unbiased variable selection and interaction detection},
  year      = {2002},
  pages     = {361--386},
  doi       = {n},
  publisher = {JSTOR},
}

@Article{BergyVerm18,
  author    = {Van Den Bergh, Mattis and Vermunt, Jeroen K},
  journal   = {Structural Equation Modeling: A Multidisciplinary Journal},
  title     = {Building latent class growth trees},
  year      = {2018},
  number    = {3},
  pages     = {331--342},
  volume    = {25},
  doi       = {10.1080/10705511.2017.1389610},
  publisher = {Taylor \& Francis},
}

@InProceedings{GaliyMont02,
  author    = {Galimberti, Giuliano and Montanari, Angela},
  booktitle = {Proceedings of the 8th Conferences of the International Federation of Classification Societies},
  title     = {Regression trees for longitudinal data with time-dependent covariates},
  year      = {2002},
  editor    = {Krzysztof Jajuga, Andrej Sokolowski, Hans-Hermann Bock},
  pages     = {391--398},
  publisher = {Springer},
  doi       = {10.1007/978-3-642-56181-8_43},
  venue     = {Cracow, Poland},
}

@InProceedings{PillayCalo03,
  author    = {Pillati, Marilena and Cal{\`o}, Daniela G and Galimberti, Giuliano},
  booktitle = {Proceedings of the 26th Annual Conference of the Gesellschaft f{\"u}r Klassifikation},
  title     = {Combining Regression Trees and Radial Basis Function Networks in Longitudinal Data Modelling},
  year      = {2003},
  pages     = {83--91},
  publisher = {Springer},
  doi       = {10.1007/978-3-642-18991-3},
  editors   = {Martin Schader, Wolfgang Gaul, Maurizio Vichi},
  venue     = {University of Mannheim, Germany},
}

@Article{GaliyPill07,
  author  = {Galimberti, Giuliano and Pillati, Marilena and Soffritti, Gabriele},
  journal = {Statistica},
  title   = {Robust regression trees based on M-estimators},
  year    = {2007},
  number  = {2},
  pages   = {173--190},
  volume  = {67},
}

@Article{Hube64,
  author  = {Huber, Peter J},
  journal = {Annals of Statistics},
  title   = {Robust estimation of a location parameter},
  year    = {1964},
  number  = {1},
  volume  = {53},
  doi     = {10.1214/aoms/1177703732},
  page    = {73--101},
}

@Article{KundyHare19,
  author    = {Kundu, Madan Gopal and Harezlak, Jaroslaw},
  journal   = {Biostatistics \& epidemiology},
  title     = {Regression trees for longitudinal data with baseline covariates},
  year      = {2019},
  number    = {1},
  pages     = {1--22},
  volume    = {3},
  publisher = {Taylor \& Francis},
}

@Article{BurgyRits17,
  author  = {B{\"u}rgin, Reto Arthur and Ritschard, Gilbert},
  journal = {Journal of Statistical Software},
  title   = {Coefficient-wise tree-based varying coefficient regression with vcrpart},
  year    = {2017},
  number  = {6},
  pages   = {1--33},
  volume  = {80},
  doi     = {10.18637/jss.v080.i06},
}

@Article{BurgyRits15,
  author    = {B{\"u}rgin, Reto and Ritschard, Gilbert},
  journal   = {Computational Statistics \& Data Analysis},
  title     = {Tree-based varying coefficient regression for longitudinal ordinal responses},
  year      = {2015},
  pages     = {65--80},
  volume    = {86},
  doi       = {10.1016/j.csda.2015.01.003},
  publisher = {Elsevier},
}

@Article{HubbyAher10,
  author    = {Hubbard, Alan E and Ahern, Jennifer and Fleischer, Nancy L and Van der Laan, Mark and Satariano, Sheri A and Jewell, Nicholas and Bruckner, Tim and Satariano, William A},
  journal   = {Epidemiology},
  title     = {To GEE or not to GEE: comparing population average and mixed models for estimating the associations between neighborhood risk factors and health},
  year      = {2010},
  pages     = {467--474},
  publisher = {JSTOR},
}

@article{MerkyFan14,
  title={Testing for measurement invariance with respect to an ordinal variable},
  author={Merkle, Edgar C and Fan, Jinyan and Zeileis, Achim},
  journal={Psychometrika},
  volume={79},
  number={4},
  pages={569--584},
  year={2014},
  publisher={Springer}
}

@article{ZeilyKoll20,
  title={Various versatile variances: An object-oriented implementation of clustered covariances in R},
  author={Zeileis, Achim and K{\"o}ll, Susanne and Graham, Nathaniel},
  journal={Journal of Statistical Software},
  volume={95},
  pages={1--36},
  year={2020}
}

@article{Hans97,
  title={Approximate asymptotic $p$ values for structural-change tests},
  author={Hansen, Bruce E},
  journal={Journal of Business \& Economic Statistics},
  volume={15},
  number={1},
  pages={60--67},
  year={1997},
  publisher={Taylor \& Francis}
}

@article{ZeilyHorn07,
  title={Generalized M-fluctuation tests for parameter instability},
  author={Zeileis, Achim and Hornik, Kurt},
  journal={Statistica Neerlandica},
  volume={61},
  number={4},
  pages={488--508},
  year={2007},
  publisher={Wiley Online Library}
}

@Article{CalhyLevi20,
  author    = {Calhoun, Peter and Levine, Richard A and Fan, Juanjuan},
  journal   = {Biometrics},
  title     = {Repeated measures random forests (RMRF): Identifying factors associated with nocturnal hypoglycemia},
  year      = {2020},
  doi       = {10.1111/biom.13284},
  publisher = {Wiley Online Library},
}

@Manual{NCES10,
  title   = {Early Childhood Longitudinal Program: Kindergarten class of 1998-1999 (ECLS-K)},
  year    = {2010},
  authors = {National Center for Education Statistics},
  url     = {https://nces.ed.gov/ecls/kindergarten.asp},
}

@Article{HothyZeil15,
    title = {{partykit}: A Modular Toolkit for Recursive Partytioning in {R}},
    author = {Torsten Hothorn and Achim Zeileis},
    journal = {Journal of Machine Learning Research},
    year = {2015},
    volume = {16},
    pages = {3905-3909},
    url = {https://jmlr.org/papers/v16/hothorn15a.html},
 }

@Article{ArnoyVoel21,
  author    = {Arnold, Manuel and Voelkle, Manuel C and Brandmaier, Andreas M},
  journal   = {Frontiers in Psychology},
  title     = {Score-guided structural equation model trees},
  year      = {2021},
  pages     = {3913},
  volume    = {11},
  publisher = {Frontiers},
}

@Comment{jabref-meta: databaseType:bibtex;}
