% Encoding: UTF-8

@Article{HothyZeil15,
  author  = {Torsten Hothorn and Achim Zeileis},
  title   = {{partykit}: A Modular Toolkit for Recursive Partytioning in {R}},
  journal = {Journal of Machine Learning Research},
  year    = {2015},
  volume  = {16},
  pages   = {3905--3909},
  month   = {December},
  url     = {http://www.jmlr.org/papers/v16/hothorn15a.html},
}

@Misc{BateyMeac15,
  author  = {Douglas Bates and Martin M{\"a}chler and Ben Bolker and Steve Walker},
  title   = {Fitting Linear Mixed-Effects Models Using {lme4}},
  year    = {2015},
  doi     = {10.18637/jss.v067.i01},
  journal = {Journal of Statistical Software},
  number  = {1},
  pages   = {1--48},
  volume  = {67},
}

@Article{FokkySmit17,
  author = {Fokkema, Marjolein and Smits, Niels and Zeileis, Achim and Hothorn, Torsten and Kelderman, Henk},
  title  = {Detecting treatment-subgroup interactions in clustered data with generalized linear mixed-effects model trees},
  year   = {under review},
}

@Comment{jabref-meta: databaseType:bibtex;}
