@Article{Hersbach:2000,
  author = {Hans Hersbach},
  title = {Decomposition of the Continuous Ranked Probability Score for Ensemble Prediction Systems},
  journal = {Weather and Forecasting},
  volume = {15},
  number = {5},
  pages = {559--570},
  year = {2000},
  doi = {10.1175/1520-0434(2000)015<0559:dotcrp>2.0.co;2},
}

@Article{Diebold:1998,
  author = {Francis X. Diebold and Todd A. Gunther and Anthony S. Tay},
  journal = {International Economic Review},
  number = {4},
  pages = {863--883},
  publisher = {John Wiley \& Sons},
  title = {Evaluating Density Forecasts with Applications to Financial Risk Management},
  volume = {39},
  year = {1998},
  doi = {10.2307/2527342},
}

@Article{Hothorn+Hornik+Zeileis:2006,
  title = {Unbiased Recursive Partitioning: {A} Conditional Inference Framework},
  author = {Torsten Hothorn and Kurt Hornik and Achim Zeileis},
  journal = {Journal of Computational and Graphical Statistics},
  volume = {15},
  number = {3},
  pages = {651--674},
  year = {2006},
  doi = {10.1198/106186006x133933},
}

@Article{Zeileis+Hothorn+Hornik:2008,
  title = {Model-Based Recursive Partitioning},
  author = {Achim Zeileis and Torsten Hothorn and Kurt Hornik},
  journal = {Journal of Computational and Graphical Statistics},
  volume = {17},
  number = {2},
  pages = {492--514},
  year = {2008},
  doi = {10.1198/106186008x319331},
}

@Article{Zeileis+Wiel+Hornik:2008,
  title = {Implementing a Class of Permutation Tests: {T}he \textbf{coin} Package},
  author = {Achim Zeileis and Mark A Wiel and Kurt Hornik and Torsten Hothorn},
  journal = {Journal of Statistical Software},
  volume = {28},
  number = {8},
  pages = {1--23},
  year = {2008},
  doi = {10.18637/jss.v028.i08},
}

@Article{Hothorn+Hornik+VanDeWiel:2006,
  author = {Torsten Hothorn and Kurt Hornik and Mark A. {Van de Wiel} and Achim Zeileis},
  title = {A {L}ego System for Conditional Inference},
  journal = {The American Statistician},
  year = {2006},
  volume = {60},
  number = {3},
  pages = {257--263},
  doi = {10.1198/000313006x118430},
}

@Article{Zeileis+Hornik:2007,
  author = {Achim Zeileis and Kurt Hornik},
  title = {Generalized {M}-Fluctuation Tests for Parameter Instability},
  journal = {Statistica Neerlandica},
  year = {2007},
  volume = {61},
  number = {4},
  pages = {488--508},
  doi = {10.1111/j.1467-9574.2007.00371.x},
}

@Article{Hothorn+Zeileis:2015,
  title = {\textbf{partykit}: {A} Modular Toolkit for Recursive Partytioning in \textsf{R}},
  author = {Torsten Hothorn and Achim Zeileis},
  journal = {Journal of Machine Learning Research},
  volume = {16},
  pages = {3905--3909},
  year = {2015},
  url = {http://www.jmlr.org/papers/v16/hothorn15a.html},
}

@Article{Messner+Mayr+Zeileis:2016,
  author = {Jakob W. Messner and Georg J. Mayr and Achim Zeileis},
  title = {Heteroscedastic Censored and Truncated Regression with \textbf{crch}},
  journal = {The \textsf{R} Journal},
  year = {2016},
  volume = {8},
  number = {1},
  pages = {173--181},
}

@Article{Zeileis+Hothorn+Hornik:2010,
  title = {Party with the {MOB}: {M}odel-Based Recursive Partitioning in \textsf{R}},
  author = {Achim Zeileis and Torsten Hothorn and Kurt Hornik},
  journal = {\textsf{R} package version 0.9-9999},
  year = {2010},
  url = {https://CRAN.R-project.org/package=partykit},
}

@Misc{Hothorn+Zeileis:2017,
  title = {Transformation Forests},
  author = {Torsten Hothorn and Achim Zeileis},
  url = {http://arxiv.org/abs/1701.02110},
  year = {2017},
  howpublished = {\emph{arXiv 1701.02110}, arXiv.org E-Print Archive},
}

@Article{Athey+Tibshirani+Wager:2019,
  title = {Generalized Random Forests},
  author = {Susan Athey and Julie Tibshirani and Stefan Wager},
  year = {2019},
  journal = {The Annals of Statistics},
  volume = {47},
  number = {2},
  pages = {1148--1178},
  doi = {10.1214/18-AOS1709}
}

@Article{Meinshausen:2006,
  author = {Nicolai Meinshausen},
  title = {Quantile Regression Forests},
  journal = {Journal of Machine Learning Research},
  year = {2006},
  volume = {7},
  pages = {983--999},
  doi = {10.1109/icmlc.2014.7009082},
}

@Article{Hothorn+Lausen+Benner:2004,
  author = {Torsten Hothorn and Berthold Lausen and Axel Benner and Martin Radespiel-Tr{\"o}ger},
  doi = {10.1002/sim.1593},
  year = {2004},
  pages = {77--91},
  title = {Bagging Survival Trees},
  volume = {23},
  journal = {Statistics in Medicine},
}

@Article{Ishwaran+Kogalur+Blackstone:2008,
  author = {Hemant Ishwaran and Udaya B. Kogalur and Eugene H. Blackstone and Michael S. Lauer},
  doi = {10.1214/08-aoas169},
  journal = {The Annals of Applied Statistics},
  number = {3},
  pages = {841--860},
  title = {Random Survival Forests},
  volume = {2},
  year = {2008},
}

@Article{Lin+Jeon:2006,
  author = {Yi Lin and Yongho Jeon},
  title = {Random Forests and Adaptive Nearest Neighbors},
  journal = {Journal of the American Statistical Association},
  volume = {101},
  number = {474},
  pages = {578--590},
  year = {2006},
  doi = {10.1198/016214505000001230},
}

@Article{Seibold+Zeileis+Hothorn:2016,
  author = {Heidi Seibold and Achim Zeileis and Torsten Hothorn},
  title = {Model-Based Recursive Partitioning for Subgroup Analyses},
  journal = {The International Journal of Biostatistics},
  year = {2016},
  volume = {12},
  number = {1},
  pages = {45--63},
  doi = {10.1515/ijb-2015-0032},
}

@Article{Seibold+Zeileis+Hothorn:2017,
  author = {Heidi Seibold and Achim Zeileis and Torsten Hothorn},
  title = {Individual Treatment Effect Prediction for Amyotrophic Lateral Sclerosis Patients},
  journal = {Statistical Methods in Medical Research},
  year = {2017},
  note = {Forthcoming},
  doi = {10.1177/0962280217693034},
}

@Article{Breiman:2001,
  title = {Random Forests},
  author = {Leo Breiman},
  journal = {Machine Learning},
  volume = {45},
  number = {1},
  pages = {5--32},
  year = {2001},
  doi = {10.1023/a:1010933404324},
}

@Book{Breiman+Friedman+Stone:1984,
  author = {Leo Breiman and Jerome H. Friedman and Richard A. Olshen and Charles J. Stone},
  title = {Classification and Regression Trees},
  year = {1984},
  publisher = {Wadsworth},
  address = {California},
}

@Misc{Breiman+Cutler:2004,
  author = {Leo Breiman and Adele Cutler},
  title = {Random Forests},
  url = {https://www.stat.berkeley.edu/~breiman/RandomForests},
  note = {Accessed: 2018-02-22},
  year = {2004},
}

@Article{Loh:2011,
  title = {Classification and Regression Trees},
  author = {Wei-Yin Loh},
  journal = {Wiley Interdisciplinary Reviews: Data Mining and Knowledge Discovery},
  volume = {1},
  number = {1},
  pages = {14--23},
  year = {2011},
  doi = {10.1002/widm.8},
}

@Article{Stasinopoulos+Rigby:2007,
  title = {Generalized Additive Models for Location Scale and Shape ({GAMLSS}) in {\textsf{R}}},
  author = {D Mikis Stasinopoulos and Robert A Rigby},
  journal = {Journal of Statistical Software},
  volume = {23},
  number = {7},
  pages = {1--46},
  year = {2007},
  doi = {10.18637/jss.v023.i07},
}

@Article{Rigby+Stasinopoulos:2005,
  title = {Generalized Additive Models for Location Scale and Shape},
  journal = {Journal of the Royal Statistical Society C},
  volume = {54},
  part = {3},
  pages = {507-554},
  year = {2005},
  author = {Robert A Rigby and D Mikis Stasinopoulos},
  doi = {10.1111/j.1467-9876.2005.00510.x},
}

@Article{Yee:2010,
  title = {The \textbf{VGAM} Package for Categorical Data Analysis},
  author = {Thomas W Yee},
  journal = {Journal of Statistical Software},
  year = {2010},
  volume = {32},
  number = {10},
  pages = {1--34},
  doi = {10.18637/jss.v032.i10},
}

@Article{Umlauf+Klein+Zeileis:2017,
  author = {Nikolaus Umlauf and Nadja Klein and Achim Zeileis},
  title = {{BAMLSS}: {B}ayesian Additive Models for Location, Scale and Shape (and Beyond)},
  journal = {Journal of Computational and Graphical Statistics},
  year = {2018},
  note = {Forthcoming},
  doi = {10.1080/10618600.2017.1407325},
}

@Article{Hofner+Mayr+Schmid:2016,
  title = {\textbf{gamboostLSS}: An \textsf{R} Package for Model Building and Variable Selection in the {GAMLSS} Framework},
  author = {Benjamin Hofner and Andreas Mayr and Matthias Schmid},
  journal = {Journal of Statistical Software},
  volume = {74},
  number = {1},
  pages = {1--31},
  year = {2016},
  doi = {10.18637/jss.v074.i01},
}

@Article{Liaw+Wiener:2002,
  title = {Classification and Regression by \textbf{randomForest}},
  author = {Andy Liaw and Matthew Wiener},
  journal = {\textsf{R} News},
  year = {2002},
  volume = {2},
  number = {3},
  pages = {18-22},
  doi = {10.7717/peerj.703/table-4},
}

@Article{Strasser+Weber:1999,
  author = {Helmut Strasser and Christian Weber},
  year = {1999},
  pages = {220--250},
  title = {On the Asymptotic Theory of Permutation Statistics},
  volume = {8},
  journal = {Mathematical Methods of Statistics},
  doi = {10.1515/9783110850826},
}

@Article{Gneiting+Raftery+Westveld:2005,
  title = {Calibrated Probabilistic Forecasting Using Ensemble Model Output Statistics and Minimum {CRPS} Estimation},
  author = {Tilmann Gneiting and Adrian E Raftery and Anton H {Westveld III} and Tom Goldman},
  journal = {Monthly Weather Review},
  volume = {133},
  number = {5},
  pages = {1098--1118},
  year = {2005},
  doi = {10.1175/mwr2904.1},
}

@Article{Gebetsberger+Messner+Mayr:2017,
  author = {Manuel Gebetsberger and Jakob W. Messner and Georg J. Mayr and Achim Zeileis},
  title = {Fine-Tuning Non-Homogeneous Regression for Probabilistic Precipitation Forecasts: Unanimous Predictions, Heavy Tails, and Link Functions},
  journal = {Monthly Weather Review},
  year = {2017},
  volume = {145},
  number = {11},
  pages = {4693--4708},
  doi = {10.1175/mwr-d-16-0388.1},
}

@Article{Klein+Kneib+Lang:2015,
  author = {Nadja Klein and Thomas Kneib and Stefan Lang and Alexander Sohn},
  title = {Bayesian Structured Additive Distributional Regression with an Application to Regional Income Inequality in Germany},
  journal = {The Annals of Applied Statistics},
  year = {2015},
  volume = {9},
  number = {2},
  pages = {1024--1052},
  doi = {10.1214/15-aoas823},
}

@Article{Gneiting+Balabdaoui+Raftery:2007,
  year = {2007},
  author = {Tilmann Gneiting and Fadoua Balabdaoui and Adrian E. Raftery},
  title = {Probabilistic Forecasts, Calibration and Sharpness},
  journal = {Journal of the Royal Statistical Society B},
  volume = {69},
  number = {2},
  pages = {243--268},
  doi = {10.1111/j.1467-9868.2007.00587.x},
}

@article{Gneiting:2008,
author = {Gneiting, Tilmann},
title = {Editorial: Probabilistic forecasting},
journal = {Journal of the Royal Statistical Society A},
year = {2008},
volume = {171},
number = {2},
pages = {319-321},
doi = {10.1111/j.1467-985X.2007.00522.x}
}

@Misc{srtm,
  author = {{CGIAR-CSI}},
  title = {{SRTM} 90m Digital Elevation Database {v4.1}},
  url = {http://srtm.csi.cgiar.org/},
  note = {Accessed: 2016-07-10},
  year = {2016},
}

@Article{Hutchinson:1998,
  year = {1998},
  title = {Interpolation of Rainfall Data with Thin Plate Smoothing Splines -- {P}art {II}: Analysis of Topographic Dependence},
  author = {Michael F Hutchinson},
  journal = {Journal of Geographic Information and Decision Analysis},
  volume = {2},
  number = {2},
  pages = {152--167},
  doi = {10.1080/02693799508902045},
}

@Article{Stidd:1973,
  year = {1973},
  author = {C. K. Stidd},
  title = {Estimating the Precipitation Climate},
  journal = {Water Resources Research},
  volume = {9},
  number = {5},
  pages = {1235--1241},
  doi = {10.1029/wr009i005p01235},
}

@Article{Stauffer+Mayr+Messner:2017,
  author = {Reto Stauffer and Georg J. Mayr and Jakob W. Messner and Nikolaus Umlauf and Achim Zeileis},
  title = {Spatio-Temporal Precipitation Climatology over Complex Terrain Using a Censored Additive Regression Model},
  journal = {International Journal of Climatology},
  year = {2017},
  volume = {37},
  number = {7},
  pages = {3264--3275},
  doi = {10.1002/joc.4913},
}

@Article{Stauffer+Umlauf+Messner:2017,
  author = {Reto Stauffer and Nikolaus Umlauf and Jakob W. Messner and Georg J. Mayr and Achim Zeileis},
  title = {Ensemble Post-Processing of Daily Precipitation Sums over Complex Terrain Using Censored High-Resolution Standardized Anomalies},
  journal = {Monthly Weather Review},
  year = {2017},
  volume = {45},
  number = {3},
  pages = {955--969},
  doi = {10.1175/mwr-d-16-0260.1},
}

@Article{Hamill+Bates+Whitaker:2013,
  author = {Thomas M. Hamill and Gary T. Bates and Jeffrey S. Whitaker and Donald R. Murray and Michael Fiorino and Thomas J. {Galarneau Jr.} and Yuejian Zhu and William Lapenta},
  title = {{NOAA}'s Second-Generation Global Medium-Range Ensemble Reforecast Dataset},
  journal = {Bulletin of the American Meteorological Society},
  volume = {94},
  number = {10},
  pages = {1553--1565},
  year = {2013},
  doi = {10.1175/bams-d-12-00014.1},
}

@Misc{ehyd,
  author = {{BMLFUW}},
  title = {{B}undesministerium f{\"u}r {L}and und {F}orstwirtschaft, {U}mwelt und {W}asserwirtschaft ({BMLFUW}), {A}bteilung {IV/4} -- {W}asserhaushalt},
  howpublished = {Available at \url{http://ehyd.gv.at/}},
  note = {Accessed: 2016--02--29},
  year = {2016},
}

@Article{Glahn+Lowry:1972,
  author = {Harry R. Glahn and Dale A. Lowry},
  title = {The Use of Model Output Statistics ({MOS}) in Objective Weather Forecasting},
  journal = {Journal of Applied Meteorology},
  volume = {11},
  number = {8},
  pages = {1203--1211},
  year = {1972},
  doi = {10.1175/1520-0450(1972)011<1203:tuomos>2.0.co;2},
}

@Article{Hastie+Tibshirani:1986,
  author = {Trevor Hastie and Robert Tibshirani},
  journal = {Statistical Science},
  number = {3},
  pages = {297--310},
  publisher = {The Institute of Mathematical Statistics},
  title = {Generalized Additive Models},
  volume = {1},
  year = {1986},
  doi = {10.1214/ss/1177013604},
}

@Article{Nelder+Wedderburn:1972,
  author = {J. A. Nelder and R. W. M. Wedderburn},
  title = {Generalized Linear Models},
  year = {1972},
  journal = {Journal of the Royal Statistical Society A},
  volume = {135},
  number = {3},
  pages = {370--384},
  doi = {10.2307/2344614},
}

@Article{Breiman:2001a,
  author = {Leo Breiman},
  title = {Statistical Modeling: The Two Cultures},
  year = {2001},
  journal = {Statistical Science},
  volume = {16},
  number = {3},
  pages = {199--231},
}

@Article{Messner+Mayr+Zeileis:2017,
  author = {Jakob W. Messner and Georg J. Mayr and Achim Zeileis},
  title = {Non-Homogeneous Boosting for Predictor Selection in Ensemble Post-Processing},
  journal = {Monthly Weather Review},
  year = {2017},
  volume = {145},
  number = {1},
  pages = {137--147},
  doi = {10.1175/mwr-d-16-0088.1},
}

@Article{Bauer+Thorpe+Brunet:2015,
  author = {Peter Bauer and Alan Thorpe and Gilbert Brunet},
  title = {The Quiet Revolution of Numerical Weather Prediction},
  journal = {Nature},
  volume = {525},
  number = {7567},
  pages = {47--55},
  year = {2015},
  doi = {10.1038/nature14956},
}

@Article{Box+Cox:1964,
  author = {George E. P. Box and David R. Cox},
  title = {An Analysis of Transformations},
  year = {1964},
  journal = {Journal of the Royal Statistical Society B},
  volume = {26},
  number = {2},
  pages = {211--252},
  doi = {10.1002/0471667196.ess4017},
}

@Article{Gneiting+Raftery:2007,
  title = {Strictly Proper Scoring Rules, Prediction, and Estimation},
  author = {Tilmann Gneiting and Adrian E. Raftery},
  journal = {Journal of the American Statistical Association},
  volume = {102},
  number = {477},
  pages = {359--378},
  year = {2007},
  doi = {10.1198/016214506000001437},
}

@Article{Scheuerer+Hamill:2015,
  author = {Michael Scheuerer and Thomas M. Hamill},
  title = {Statistical Post-Processing of Ensemble Precipitation Forecasts by Fitting Censored, Shifted Gamma Distributions},
  journal = {Monthly Weather Review},
  year = {2015},
  volume = {143},
  number = {11},
  pages = {4578--4596},
  doi = {10.1175/mwr-d-15-0061.1},
}

@Article{Dunn+Smyth:1996,
  author = {Peter K. Dunn and Gordon K. Smyth},
  title = {Randomized Quantile Residuals},
  journal = {Journal of Computational and Graphical Statistics},
  volume = {5},
  number = {3},
  pages = {236--244},
  year = {1996},
  doi = {10.2307/1390802},
}

@Book{Long:1997,
  author = {J. Scott Long},
  title = {Regression Models for Categorical and Limited Dependent Variables},
  year = {1997},
  publisher = {Sage Publications},
  address = {Thousand Oaks},
}

@Article{Robinson:2014,
  author = {Natalie Robinson and James Regetz and Robert P. Guralnick},
  title = {{E}arth{E}nv-{DEM90}: A Nearly-Global, Void-Free, Multi-Scale Smoothed, 90m Digital Elevation Model From Fused {ASTER} and {SRTM} Data},
  journal = {ISPRS Journal of Photogrammetry and Remote Sensing},
  volume = {87},
  pages = {57--67},
  year = {2014},
  issn = {0924-2716},
  doi = {10.1016/j.isprsjprs.2013.11.002},
}

@Book{Hastie+Tibshirani+Friedman:2001,
  author = {Trevor Hastie and Robert Tibshirani and Jerome Friedman},
  title = {The Elements of Statistical Learning},
  year = {2001},
  publisher = {Springer-Verlag},
  series = {Springer Series in Statistics},
}

@Article{Biau+Scornet:2016,
  author = {G{\'e}rard Biau and Erwan Scornet},
  title = {A Random Forest Guided Tour},
  year = {2016},
  pages = {197--227},
  volume = {25},
  journal = {TEST},
  publisher = {Springer-Verlag},
  doi = {10.1007/s11749-016-0481-7},
}

@Article{Goicoa+Adin+Ugarte:2018,
  author = {Tom{\'a}s Goicoa and Aritz Adin and Mar{\'\i}a Dolores Ugarte and James S. Hodges},
  title = {In Spatio-Temporal Disease Mapping Models, Identifiability Constraints Affect {PQL} and {INLA} Results},
  year = {2018},
  day = {1},
  doi = {10.1007/s00477-017-1405-0},
  issn = {1436-3240},
  volume = {32},
  pages = {749--770},
  journal = {Stochastic Environmental Research and Risk Assessment},
  number = {3},
}

@Article{Ugarte+Adin+Goicoa:2017,
  author = {Mar{\'\i}a Dolores Ugarte and Aritz Adin and Tom{\'a}s Goicoa},
  title = {One-Dimensional, Two-Dimensional, and Three-Dimensional B-Splines to Specify Space-Time Interactions in Bayesian Disease Mapping: Model Fitting and Model Identifiability},
  journal = {Spatial Statistics},
  volume = {22},
  pages = {451--468},
  year = {2017},
  issn = {2211-6753},
  doi = {10.1016/j.spasta.2017.04.002},
}

@Article{Wood+Scheipl+Faraway:2013,
  author = {Simon N Wood and Fabian Scheipl and Julian J Faraway},
  title = {Straightforward Intermediate Rank Tensor Product Smoothing in Mixed Models},
  journal = {Statistics and Computing},
  year = {2013},
  day = {01},
  volume = {23},
  number = {3},
  pages = {341--360},
  issn = {1573-1375},
  doi = {10.1007/s11222-012-9314-z},
}

@Article{Baran+Nemoda:2016,
  title = {Censored and Shifted Gamma Distribution Based {EMOS} Model for Probabilistic Quantitative Precipitation Forecasting},
  author = {S{\'a}ndor Baran and D{\'o}ra Nemoda},
  journal = {Environmetrics},
  volume = {27},
  number = {5},
  pages = {280--292},
  year = {2016},
  publisher = {John Wiley \& Sons},
  doi = {10.1002/env.2391},
}

@Article{Rasp+Lerch:2018,
  author = {Stephan Rasp and Sebastian Lerch},
  title = {Neural Networks for Post-Processing Ensemble Weather Forecasts},
  journal = {Montly Weather Review},
  year = {2018},
  volume = {146},
  number = {11},
  pages = {3885--3900},
  doi = {10.1175/MWR-D-18-0187.1}
}

@Misc{Schlosser+Hothorn+Stauffer:2019a,
  title = {Different Response Distributions},
  note = {Supplement~A to \emph{Distributional Regression Forests for Probabilistic Precipitation Forecasting in Complex Terrain}},
  author = {Lisa Schlosser and Torsten Hothorn and Reto Stauffer and Achim Zeileis},
  year = {2019a}
}

@Misc{Schlosser+Hothorn+Stauffer:2019b,
  title = {Stationwise Evaluation},
  note = {Supplement~B to \emph{Distributional Regression Forests for Probabilistic Precipitation Forecasting in Complex Terrain}},
  author = {Lisa Schlosser and Torsten Hothorn and Reto Stauffer and Achim Zeileis},
  year = {2019b}
}


@Article{Fisher+Lee:1992,
  author = {N. I. Fisher and A. J. Lee},
  journal = {Biometrics},
  number = {3},
  pages = {665--677},
  publisher = {[Wiley, International Biometric Society]},
  title = {Regression Models for an Angular Response},
  volume = {48},
  year = {1992},
  doi = {10.2307/2532334}
}

@Article{Mulder+Klugkist:2017,
  author = {Kees Mulder and Irene Klugkist},
  title = {Bayesian Estimation and Hypothesis Tests for a Circular Generalized Linear Model},
  journal = {Journal of Mathematical Psychology},
  volume = {80},
  pages = {4--14},
  year = {2017},
  doi = {10.1016/j.jmp.2017.07.001},
}

@Book{Jammalamadaka+Sengupta:2001,
  title = {Topics in Circular Statistics},
  author = {S. R. Jammalamadaka and A. Sengupta},
  series = {Series on Multivariate Analysis},
  year = {2001},
  publisher = {World Scientific}
}


@Article{Schlosser+Hothorn+Stauffer:2019,
  title = {Distributional Regression Forests for Probabilistic Precipitation Forecasting in Complex Terrain},
  author = {Lisa Schlosser and Torsten Hothorn and Reto Stauffer and Achim Zeileis},
  journal = {Annals of Applied Statistics},
  year = {2019},
  volume = {13},
  number = {3},
  pages = {1564--1589},
  doi = {10.1214/19-AOAS1247},
}


@Article{Bai+Perron:2003,
  author = {Jushan Bai and Pierre Perron},
  title = {Computation and Analysis of Multiple Structural Change Models},
  journal = {Journal of Applied Econometrics},
  volume = {18},
  number = {1},
  pages = {1--22},
  doi = {10.1002/jae.659},
  year = {2003}
}


@Article{Kent+Tyler:1988,
  author = {John T. Kent and David E. Tyler},
  title = {Maximum Likelihood Estimation for the Wrapped {C}auchy Distribution},
  journal = {Journal of Applied Statistics},
  volume = {15},
  number = {2},
  pages = {247--254},
  year  = {1988},
  publisher = {Taylor & Francis},
  doi = {10.1080/02664768800000029}
}

@Book{Mardia+Jupp:1999,
  title = {Directional Statistics},
  author = {Kantil V. Mardia and Peter E. Jupp},
  series = {Wiley Series in Probability and Statistics},
  year = {1999},
  publisher = {John Wiley \& Sons},
  address = {Chichester},
  doi = {10.1002/9780470316979}
}

@Book{Fisher:1993, 
  author = {N. I. Fisher},
  address = {Cambridge}, 
  title = {Statistical Analysis of Circular Data}, 
  doi = {10.1017/CBO9780511564345}, 
  publisher = {Cambridge University Press}, 
  address = {Cambridge},
  year = {1993}
}


@Article{Gould:1969,
 author = {A. Lawrence Gould},
 journal = {Biometrics},
 number = {4},
 pages = {683--700},
 publisher = {[Wiley, International Biometric Society]},
 title = {A Regression Technique for Angular Variates},
 volume = {25},
 year = {1969},
 doi = {10.2307/2528567}
}

@Article{Johnson+Wehrly:1978,
 author = {Richard A. Johnson and Thomas E. Wehrly},
 journal = {Journal of the American Statistical Association},
 number = {363},
 pages = {602--606},
 publisher = {[American Statistical Association, Taylor & Francis, Ltd.]},
 title = {Some Angular-Linear Distributions and Related Regression Models},
 volume = {73},
 year = {1978},
 doi = {10.2307/2286608}
}


@Article{Brunsdon+Corcoran:2006,
title = {Using Circular Statistics to Analyse Time Patterns in Crime Incidence},
journal = {Computers, Environment and Urban Systems},
volume = {30},
number = {3},
pages = {300--319},
year = {2006},
doi = {10.1016/j.compenvurbsys.2005.11.001},
author = {Chris Brunsdon and Jon Corcoran}
}

@Article{Grimit+Gneiting+Berrocal:2006,
 author = {Eric P. Grimit and Tilmann Gneiting and Veronica J. Berrocal and Nicholas A. Johnson},
 title = {The Continuous Ranked Probability Score for Circular Variables and Its Application to Mesoscale Forecast Ensemble Verification},
 journal = {Quarterly Journal of the Royal Meteorological Society},
 volume = {132},
 number = {621C},
 pages = {2925--2942},
 doi = {10.1256/qj.05.235},
 year = {2006}
}

@Article{Gill+Hangartner:2010, 
 title = {Circular Data in Political Science and How to Handle It}, 
 volume = {18}, 
 doi = {10.1093/pan/mpq009}, 
 number = {3}, 
 journal = {Political Analysis}, 
 publisher = {Cambridge University Press}, 
 author = {Jeff Gill and Dominik Hangartner}, 
 year = {2010}, 
 pages = {316--336}
}

@Book{Pewsey+Neuhaeuser+Ruxton:2013,
  title = {Circular Statistics in \textsf{R}},
  author = {Arthur Pewsey and Markus Neuh{\"a}user and Graeme D. Ruxton},
  year = {2013},
  publisher = {Oxford University Press},
  address = {Oxford}
}

@Article{Lang+Lerch+Mayr:2019,
  shorttitle = {Remember the Past},
  journal = {Nonlinear Processes in Geophysics Discussions},
  doi = {10.5194/npg-2019-49},
  author = {Lang, Moritz N. and Lerch, Sebastian and Mayr, Georg J. and Simon, Thorsten and Stauffer, Reto and Zeileis, Achim},
  month = {10},
  year = {2019},
  pages = {1-18},
  title = {Remember the Past: {A} Comparison of Time-Adaptive Training Schemes for Non-Homogeneous Regression}
}

@Article{Simon+Umlauf+Zeileis:2017,
  volume = {17},
  number = {3},
  journal = {Natural Hazards and Earth System Sciences},
  doi = {10.5194/nhess-17-305-2017},
  author = {Simon, T. and Umlauf, N. and Zeileis, A. and Mayr, G. J. and Schulz, W. and Diendorfer, G.},
  month = {3},
  year = {2017},
  pages = {305-314},
  title = {Spatio-Temporal Modelling of Lightning Climatologies for Complex Terrain}
}

@Article{Vogel+Knippertz+Fink:2018,
  volume = {33},
  number = {2},
  journal = {Weather and Forecasting},
  doi = {10.1175/WAF-D-17-0127.1},
  author = {Vogel, Peter and Knippertz, Peter and Fink, Andreas H. and Schl{\"u}ter, Andreas and Gneiting, Tilmann},
  month = {1},
  year = {2018},
  pages = {369-388},
  title = {Skill of Global Raw and Postprocessed Ensemble Predictions of Rainfall over Northern Tropical {A}frica}
}

@Misc{noaasnationalweatherservice:2019,
  url = {https://w1.weather.gov/glossary/},
  author = {{NOAA's National Weather Service}},
  year = {2019},
  note = {Accessed: 2019-10-15},
  title = {Glossary -- {NOAA's National Weather Service}}
}



@Article{Lund:2002,
  author = {Ulric J. Lund},
  title = {Tree-Based Regression for a Circular Response},
  journal = {Communications in Statistics -- Theory and Methods},
  volume = {31},
  number = {9},
  pages = {1549--1560},
  year  = {2002},
  publisher = {Taylor & Francis},
  doi = {10.1081/STA-120013011}
}


@Article{Larraondo+Inza+Lozano:2018,
  title = {A System for Airport Weather Forecasting Based on Circular Regression Trees},
  journal = {Environmental Modelling \& Software},
  volume = {100},
  pages = {24--32},
  year = {2018},
  doi = {10.1016/j.envsoft.2017.11.004},
  author = {Pablo Rozas Larraondo and I\tilde{n}aki Inza and Jose A. Lozano}
}


@Book{Ley+Verdebout:2017,
  title = {Modern Directional Statistics},
  author = {Christophe Ley and Thomas Verdebout},
  year = {2017},
  publisher = {Chapman \& Hall/CRC},
  address = {New York},
  doi = {10.1201/9781315119472}
}

@Book{Ley+Verdebout:2018,
  title = {Applied Directional Statistics: Modern Methods and Case Studies},
  author = {Christophe Ley and Thomas Verdebout},
  year = {2018},
  publisher = {Chapman \& Hall/CRC},
  address = {New York},
  doi = {10.1201/9781315228570}
}

@Article{Wessel:2018,
  title = {Accuracy Assessment of the Global {TanDEM-X} Digital Elevation Model with {GPS} Data},
  journal = {ISPRS Journal of Photogrammetry and Remote Sensing},
  volume = {139},
  pages = {171 -- 182},
  year = {2018},
  doi = {10.1016/j.isprsjprs.2018.02.017},
  author = {Birgit Wessel and Martin Huber and Christian Wohlfart and Ursula Marschalk and Detlev Kosmann and Achim Roth},
}


@Article{Thorarinsdottir+Gneiting:2010,
author = {Thordis L. Thorarinsdottir and Tilmann Gneiting},
title = {Probabilistic Forecasts of Wind Speed: Ensemble Model Output Statistics by Using Heteroscedastic Censored Regression},
journal = {Journal of the Royal Statistical Society A},
volume = {173},
number = {2},
pages = {371--388},
doi = {10.1111/j.1467-985X.2009.00616.x},
year = {2010}
}


@Article{Mardia+Zemroch:1975a,
author = {Mardia, K. V. and Zemroch, P. J.},
title = {Circular Statistics},
journal = {Journal of the Royal Statistical Society C},
volume = {24},
number = {1},
pages = {147--150},
doi = {10.2307/2346721},
year = {1975}
}


@Article{Mardia+Zemroch:1975b,
author = {Mardia, K. V. and Zemroch, P. J.},
title = {The von Mises Distribution Function},
journal = {Journal of the Royal Statistical Society C},
volume = {24},
number = {2},
pages = {268--272},
doi = {10.2307/2346578},
year = {1975}
}

@Article{Lang+Mayr+Stauffer:2019,
  author = {Moritz N. Lang and Georg J. Mayr and Reto Stauffer and Achim Zeileis},
  title = {Bivariate {G}aussian Models for Wind Vectors in a Distributional Regression Framework},
  journal = {Advances in Statistical Climatology, Meteorology and Oceanography},
  year = {2019},
  volume = {5},
  number = {2},
  pages = {115--132},
  doi = {10.5194/ascmo-5-115-2019},
}
