@article{hothorn2006unbiased,
  title={Unbiased {Recursive} {Partitioning}: {A} {Conditional} {Inference} {Framework}},
  author={Torsten Hothorn and Kurt Hornik and Achim Zeileis},
  journal={Journal of Computational and Graphical Statistics},
  volume={15},
  number={3},
  pages={651--674},
  year={2006},
  publisher={Taylor \& Francis}
}

@article{zeileis2008model,
  title={Model-{Based} {Recursive} {Partitioning}},
  author={Achim Zeileis and Torsten Hothorn and Kurt Hornik},
  journal={Journal of Computational and Graphical Statistics},
  volume={17},
  number={2},
  pages={492--514},
  year={2008},
  publisher={Taylor \& Francis}
}

@article{hothorn2015partykit,
  title={Partykit: {A} {Modular} {Toolkit} for {Recursive} {Partytioning} in {R}},
  author={Hothorn, Torsten and Zeileis, Achim},
  journal={Journal of Machine Learning Research},
  volume={16},
  pages={3905--3909},
  year={2015}
}

@article{stasinopoulos2007generalized,
  title={Generalized {Additive} {Models} for {Location} {Scale} and {Shape} ({GAMLSS}) in {R}},
  author={D Mikis Stasinopoulos and Robert A Rigby and others},
  journal={Journal of Statistical Software},
  volume={23},
  number={7},
  pages={1--46},
  year={2007}
}

@article{seibold2016model,
  title={{Model-Based} {Recursive} {Partitioning} for {Subgroup} {Analyses}},
  author={Seibold, Heidi and Zeileis, Achim and Hothorn, Torsten},
  journal={The international journal of biostatistics},
  volume={12},
  number={1},
  pages={45--63},
  year={2016}
}
