@Article{Hothorn+Zeileis:2015,
  title = {{partykit}: A Modular Toolkit for Recursive Partytioning in {R}},
  author = {Torsten Hothorn and Achim Zeileis},
  journal = {Journal of Machine Learning Research},
  year = {2015},
  volume = {16},
  pages = {3905-3909},
  url = {https://jmlr.org/papers/v16/hothorn15a.html},
}

@Article{Hothorn+Hornik+Zeileis:2006,
  title = {Unbiased Recursive Partitioning: A Conditional Inference Framework},
  author = {Torsten Hothorn and Kurt Hornik and Achim Zeileis},
  journal = {Journal of Computational and Graphical Statistics},
  year = {2006},
  volume = {15},
  number = {3},
  pages = {651--674},
  doi = {10.1198/106186006X133933},
}

@Article{Zeileis+Hothorn+Hornik:2008,
  title = {Model-Based Recursive Partitioning},
  author = {Achim Zeileis and Torsten Hothorn and Kurt Hornik},
  journal = {Journal of Computational and Graphical Statistics},
  year = {2008},
  volume = {17},
  number = {2},
  pages = {492--514},
  doi = {10.1198/106186008X319331},
}

@Article{Seibold+Hothorn+Zeileis:2019,
  author = {Heidi Seibold and Torsten Hothorn and Achim Zeileis},
  title = {Generalised Linear Model Trees with Global Additive Effects},
  journal = {Advances in Data Analysis and Classification},
  year = {2019},
  volume = {13},
  number = {3},
  pages = {703--725},
  doi = {10.1007/s11634-018-0342-1},
}
