@Article{Hothorn+Hornik+Zeileis:2006,
  title = {Unbiased Recursive Partitioning: {A} Conditional Inference Framework},
  author = {Torsten Hothorn and Kurt Hornik and Achim Zeileis},
  journal = {Journal of Computational and Graphical Statistics},
  volume = {15},
  number = {3},
  pages = {651--674},
  year = {2006},
  doi = {10.1198/106186006x133933},
}


@Article{Zeileis+Hothorn+Hornik:2008,
  title = {Model-Based Recursive Partitioning},
  author = {Achim Zeileis and Torsten Hothorn and Kurt Hornik},
  journal = {Journal of Computational and Graphical Statistics},
  volume = {17},
  number = {2},
  pages = {492--514},
  year = {2008},
  doi = {10.1198/106186008x319331},
}


@Article{Zeileis+Wiel+Hornik:2008,
  title = {Implementing a Class of Permutation Tests: {T}he \textbf{coin} Package},
  author = {Achim Zeileis and Mark A Wiel and Kurt Hornik and Torsten Hothorn},
  journal = {Journal of Statistical Software},
  volume = {28},
  number = {8},
  pages = {1--23},
  year = {2008},
  doi = {10.18637/jss.v028.i08},
}


@Article{Hothorn+Hornik+VanDeWiel:2006,
  author = {Torsten Hothorn and Kurt Hornik and Mark A. {Van de Wiel} and Achim Zeileis},
  title = {A {L}ego System for Conditional Inference},
  journal = {The American Statistician},
  year = {2006},
  volume = {60},
  number = {3},
  pages = {257--263},
  doi = {10.1198/000313006X118430},
}


@Article{Zeileis+Hornik:2007,
  author = {Achim Zeileis and Kurt Hornik},
  title = {Generalized {M}-Fluctuation Tests for Parameter Instability},
  journal = {Statistica Neerlandica},
  year = {2007},
  volume = {61},
  number = {4},
  pages = {488--508},
  doi = {10.1111/j.1467-9574.2007.00371.x},
}


@Article{Hothorn+Zeileis:2015,
  title = {\textbf{partykit}: {A} Modular Toolkit for Recursive Partytioning in \textsf{R}},
  author = {Torsten Hothorn and Achim Zeileis},
  journal = {Journal of Machine Learning Research},
  volume = {16},
  pages = {3905--3909},
  year = {2015},
  doi = {http://www.jmlr.org/papers/v16/hothorn15a.html},
}


@Article{Zeileis+Hothorn+Hornik:2010,
  title = {Party with the {MOB}: {M}odel-Based Recursive Partitioning in \textsf{R}},
  author = {Achim Zeileis and Torsten Hothorn and Kurt Hornik},
  journal = {\textsf{R} package version 0.9-9999},
  year = {2010},
  url = {https://CRAN.R-project.org/package=partykit},
}


@Misc{Hothorn+Zeileis:2017,
  title = {Transformation Forests},
  author = {Torsten Hothorn and Achim Zeileis},
  url = {http://arxiv.org/abs/1701.02110},
  year = {2017},
  howpublished = {\emph{arXiv 1701.02110}, arXiv.org E-Print Archive},
}


@Article{Seibold+Zeileis+Hothorn:2016,
  author = {Heidi Seibold and Achim Zeileis and Torsten Hothorn},
  title = {Model-Based Recursive Partitioning for Subgroup Analyses},
  journal = {The International Journal of Biostatistics},
  year = {2016},
  volume = {12},
  number = {1},
  pages = {45--63},
  doi = {10.1515/ijb-2015-0032},
}


@Article{Seibold+Zeileis+Hothorn:2017,
  author = {Heidi Seibold and Achim Zeileis and Torsten Hothorn},
  title = {Individual Treatment Effect Prediction for Amyotrophic Lateral Sclerosis Patients},
  journal = {Statistical Methods in Medical Research},
  year = {2017},
  note = {Forthcoming},
  doi = {10.1177/0962280217693034},
}


@Article{Breiman:2001,
  title = {Random Forests},
  author = {Leo Breiman},
  journal = {Machine Learning},
  volume = {45},
  number = {1},
  pages = {5--32},
  year = {2001},
  doi = {10.1023/a:1010933404324},
}


@Book{Breiman+Friedman+Stone:1984,
  author = {Leo Breiman and Jerome H. Friedman and Richard A. Olshen and Charles J. Stone},
  title = {Classification and Regression Trees},
  year = {1984},
  publisher = {Wadsworth},
  address = {California} 
}


@Misc{Breiman+Cutler:2004,
  author = {Leo Breiman and Adele Cutler},
  title = {Random Forests},
  url = {https://www.stat.berkeley.edu/~breiman/RandomForests},
  note = {Accessed: 2018-02-22},
  year = {2004},
}


@Article{Loh:2009,
  title = {Improving the Precision of Classification Trees},
  author = {Wei-Yin Loh},
  journal = {The Annals of Applied Statistics},
  volume = {3},
  number = {4},
  pages = {1710--1737},
  year = {2009},
  doi = {10.1214/09-AOAS260},
}


@Article{Loh:2002,
  title = {Regression Trees with Unbiased Variable Selection and Interaction Detection},
  author = {Wei-Yin Loh},
  journal = {Statistica Sinica},
  volume = {12},
  number = {2},
  pages = {361--386},
  year = {2002},
  URL = {http://www.jstor.org/stable/24306967},
}


@Article{Loh:2011,
  title = {Classification and Regression Trees},
  author = {Wei-Yin Loh},
  journal = {Wiley Interdisciplinary Reviews: Data Mining and Knowledge Discovery},
  volume = {1},
  number = {1},
  pages = {14--23},
  year = {2011},
  doi = {10.1002/widm.8},
}


@Article{Stasinopoulos+Rigby:2007,
  title = {Generalized Additive Models for Location Scale and Shape ({GAMLSS}) in {\textsf{R}}},
  author = {D Mikis Stasinopoulos and Robert A Rigby},
  journal = {Journal of Statistical Software},
  volume = {23},
  number = {7},
  pages = {1--46},
  year = {2007},
  doi = {10.18637/jss.v023.i07},
}


@Article{Rigby+Stasinopoulos:2005,
  title = {Generalized Additive Models for Location Scale and Shape (with Discussion)},
  journal = {Journal of the Royal Statistical Society C},
  volume = {54},
  part = {3},
  pages = {507-554},
  year = {2005},
  author = {Robert A Rigby and D Mikis Stasinopoulos},
  doi = {10.1111/j.1467-9876.2005.00510.x},
}


@Article{Strasser+Weber:1999,
  author = {Helmut Strasser and Christian Weber},
  year = {1999},
  pages = {220--250},
  title = {On the Asymptotic Theory of Permutation Statistics},
  volume = {8},
  journal = {Mathematical Methods of Statistics},
}


@Article{Hastie+Tibshirani:1986,
  author = {Trevor Hastie and Robert Tibshirani},
  journal = {Statistical Science},
  number = {3},
  pages = {297--310},
  publisher = {The Institute of Mathematical Statistics},
  title = {Generalized Additive Models},
  volume = {1},
  year = {1986},
}


@Article{Nelder+Wedderburn:1972,
  author = {J. A. Nelder and R. W. M. Wedderburn},
  title = {Generalized Linear Models},
  year = {1972},
  journal = {Journal of the Royal Statistical Society A},
  volume = {135},
  number = {3},
  pages = {370--384},
  doi = {10.2307/2344614},
}


@Article{Breiman:2001a,
  author = {Leo Breiman},
  title = {Statistical Modeling: The Two Cultures},
  year = {2001},
  journal = {Statistical Science},
  volume = {16},
  number = {3},
  pages = {199--231},
  doi = {10.1214/ss/1009213726}
}


@Article{Box+Cox:1964,
  author = {George E. P. Box and David R. Cox},
  title = {An Analysis of Transformations},
  year = {1964},
  journal = {Journal of the Royal Statistical Society B},
  volume = {26},
  number = {2},
  pages = {211--252}
}


@Book{Long:1997,
  author = {J. Scott Long},
  title = {Regression Models for Categorical and Limited Dependent Variables},
  year = {1997},
  publisher = {Sage Publications},
  address = {Thousand Oaks}
}


@Article{Morgan+Sonquist:1963,
  author = {James N. Morgan and John A. Sonquist},
  title = {Problems in the Analysis of Survey Data, and a Proposal},
  journal = {Journal of the American Statistical Association},
  volume = {58},
  number = {302},
  pages = {415--434},
  year  = {1963},
  publisher = {Taylor & Francis},
  doi = {10.1080/01621459.1963.10500855},
}

@Article{Doyle:1973,
 URL = {http://www.jstor.org/stable/3008131},
 author = {Peter Doyle},
 journal = {Operational Research Quarterly (1970-1977)},
 number = {3},
 pages = {465--467},
 publisher = {Palgrave Macmillan Journals},
 title = {The Use of Automatic Interaction Detector and Similar Search Procedures},
 volume = {24},
 year = {1973}
}


@Article{Kim+Loh:2001,
  author = {Hyunjoong Kim and Wei-Yin Loh},
  title = {Classification Trees With Unbiased Multiway Splits},
  journal = {Journal of the American Statistical Association},
  volume = {96},
  number = {454},
  pages = {589-604},
  year  = {2001},
  publisher = {Taylor & Francis},
  doi = {10.1198/016214501753168271},
}

@article{Kass:1980,
 ISSN = {00359254, 14679876},
 URL = {http://www.jstor.org/stable/2986296},
 author = {G. V. Kass},
 journal = {Journal of the Royal Statistical Society. Series C (Applied Statistics)},
 number = {2},
 pages = {119--127},
 publisher = {[Wiley, Royal Statistical Society]},
 title = {An Exploratory Technique for Investigating Large Quantities of Categorical Data},
 volume = {29},
 year = {1980}
}


@Article{Loh+Shih:1997,
  title = {Split Selection Methods for Classification Trees},
  author = {Wei-Yin Loh and Yu-Shan Shih},
  journal = {Statistica Sinica},
  number = {4},
  pages = {815--840},
  volume = {7},
  year = {1997},
  publisher = {JSTOR},
  URL = {http://www.jstor.org/stable/24306157}
}


@Article{Hothorn+Hornik+Wiel:2006,
  author = {Torsten Hothorn and Kurt Hornik and Mark A van de Wiel and Achim Zeileis},
  title = {A Lego System for Conditional Inference},
  journal = {The American Statistician},
  volume = {60},
  number = {3},
  pages = {257-263},
  year  = {2006},
  publisher = {Taylor & Francis},
  doi = {10.1198/000313006X118430},
}


