@Article{AegiyWhit06,
  title = {The Meta-Analysis of Clinical Judgment Project: Fifty-Six Years of Accumulated Research on Clinical versus Statistical Prediction},
  author = {S. {\AE}gisd{\'o}ttir and M. J. White and P. M. Spengler and A. S. Maugherman and L. A. Anderson and R. S. Cook and C. N. Nichols and G. K. Lampropoulos and B. S. Walker and G. Cohen and J. D. Rush},
  journal = {The Counseling Psychologist},
  year = {2006},
  number = {3},
  pages = {341--382},
  volume = {34},
  publisher = {Sage Publications},
}

@Article{AbadyColo03,
  title = {Intelligence differentiation in adult samples},
  author = {F. J. Abad and R. Colom and M. Juan-Espinosa and L. F. Garcia},
  journal = {Intelligence},
  year = {2003},
  number = {2},
  pages = {157--166},
  volume = {31},
}

@Article{Ahma54,
  title = {Transformation analysis of factorial data},
  author = {Y. Ahmavaara},
  journal = {Annales of the Academi of Science Fennicae},
  year = {1954},
  number = {2},
  pages = {54--59},
  volume = {Series B, 81},
}

@Article{AhmeyBour09,
  title = {The {O}ort structural equation modeling approach detected a response shift after a {COPD} self-management program not detected by the {S}chmitt technique},
  author = {S. Ahmed and J. Bour{\-}beau and F. Maltais and A. Mansour},
  journal = {Journal of Clinical Epidemiology},
  year = {2009},
  number = {11},
  pages = {1165--1172},
  volume = {62},
}

@Article{AhmeyMayo05,
  title = {Change in quality of life of people with stroke over time: {T}rue change or response shift?},
  author = {S. Ahmed and N. E. Mayo and M. Corbiere and S. Wood-Dauphinee and J. Hanley and R. Cohen},
  journal = {Quality of Life Research},
  year = {2005},
  number = {3},
  pages = {611--627},
  volume = {14},
}

@Article{Akai87,
  title = {Factor analysis and {AIC}},
  author = {H. Akaike},
  journal = {Psychometrika},
  year = {1987},
  number = {3},
  pages = {317--332},
  volume = {523},
}

@Book{APA94,
  title = {Diagnostic criteria from {DSM-IV}},
  author = {{American Psychiatric Association}},
  publisher = {American Psychiatric Pubishing},
  year = {1994},
  address = {Washington, DC},
}

@Article{ArmeyBede99,
  title = {Organization change: a review of theory and research in the 1990's},
  author = {A. A. Armenakis and A. G. Bedeian},
  journal = {Journal of Management},
  year = {1999},
  number = {3},
  pages = {293--315},
  volume = {25},
}

@Article{BagayHaus90,
  title = {Boolean feature discovery in empirical learning},
  author = {G. Bagallo and D. Haussler},
  journal = {Machine Learning},
  year = {1990},
  number = {1},
  pages = {71--99},
  volume = {5},
  publisher = {Springer-Verlag},
}

@Article{BarayHen08,
  title = {A comprehensive review and a meta-analysis of the effectiveness of internet-based psychotherapeutic interventions},
  author = {A. Barak and L. Hen and M. Boniel-Nissim and Na'ama Shapira},
  journal = {Journal of Technology in Human Services},
  year = {2008},
  number = {2-4},
  pages = {109--160},
  volume = {26},
  publisher = {Taylor \& Francis},
}

@Misc{BateyMeac12,
  title = {{lme4}: Linear Mixed-Effects Models Using {S4} Classes},
  author = {D. Bates and M. Maechler and B. Bolker and Steven Walker},
  year = {2015},
  note = {R package version 1.1-8, retrieved from \url{http://CRAN.R-project.org/package=lme4}}
}

@Article{BeauyHerz06,
  title = {On the Performance of Maximum Likelihood Versus Means and Variance Adjusted Weighted Least Squares Estimation in CFA},
  author = {A. Beauducel and P. Y. Herzberg},
  journal = {Structural Equation Modeling},
  year = {2006},
  number = {2},
  pages = {186--203},
  volume = {13},
}

@Book{Beck79,
  title = {Cognitive therapy of depression},
  author = {A. T. Beck},
  publisher = {The Guilford Press},
  year = {1979},
  address = {New York, NY},
}

@InCollection{BeckyBeam74,
  title = {Assessment of depression: {T}he depression inventory},
  author = {A. T. Beck and A. Beamesderfer},
  booktitle = {Psychological measurements in psychopharmacology: {M}odern problems in pharmacopsychiatry},
  publisher = {Karger},
  year = {1974},
  address = {Oxford, England},
  editor = {P. Pichot},
  pages = {151--169},
  volume = {7},
}

@Misc{BeckyBrow96,
  title = {{B}eck {D}epression {I}nventory {II} manual},
  author = {A. T. Beck and G. Brown and R. A. Steer},
  year = {1996},
  address = {San Antonio, TX},
  publisher = {The Psychological Corporation},
}

@Article{BeckyEpst88,
  title = {An inventory for measuring clinical anxiety: psychometric properties},
  author = {A. T. Beck and N. Epstein and G. Brown and R. A. Steer},
  journal = {Journal of Consulting and Clinical Psychology},
  year = {1988},
  number = {6},
  pages = {893--897},
  volume = {56},
  publisher = {American Psychological Association},
}

@Book{BeckyRush79,
  title = {Cognitive Therapy of Depression},
  author = {A. T. Beck and A. J. Rush and B. F. Shaw and G. Emery},
  publisher = {Guilford Press},
  year = {1979},
  address = {New York, NY},
}

@Article{BeckyStee88,
  title = {{Psychometric properties of the Beck Depression Inventory: Twenty-five years of evaluation}},
  author = {A. T. Beck and R. A. Steer and M. G. Garbin},
  journal = {Clinical Psychology Review},
  year = {1988},
  number = {1},
  pages = {77--100},
  volume = {8},
  issn = {0272-7358},
  publisher = {Elsevier},
}

@Article{BeckyWard61,
  title = {An inventory for measuring depression},
  author = {A. T. Beck and C. H. Ward and M. Mendelson and J. Mock and J. Erbaugh},
  journal = {Archives of General Psychiatry},
  year = {1961},
  pages = {561--571},
  volume = {4},
}

@Book{Beck95,
  title = {Cognitive Therapy: Basics and Beyond},
  author = {J. S. Beck},
  publisher = {Guilford Press},
  year = {1995},
  address = {New York, NY},
}

@Article{BeckyFlie08,
  title = {Functioning and Validity of a Computerized Adaptive Test to Measure Anxiety ({A-CAT})},
  author = {J. Becker and H. Fliege and R. D. Kocalevent and J. B. Bjorner and M. Rose and O. B. Walter and B. F. Klapp},
  journal = {Depression and Anxiety},
  year = {2008},
  number = {12},
  pages = {E182--E194},
  volume = {25},
  publisher = {John Wiley \& Sons},
}

@Article{BeekyDeeg97,
  title = {{Criterion validity of the Center for Epidemiologic Studies Depression scale (CES-D): results from a community-based sample of older subjects in The Netherlands}},
  author = {A. T. F. Beekman and D. J. H. Deeg and J. {Van Limbeek} and A. W. Braam and M. Z. {De Vries} and W. {Van Tilburg}},
  journal = {Psychological Medicine},
  year = {1997},
  number = {01},
  pages = {231--235},
  volume = {27},
  publisher = {Cambridge Univ Press},
}

@Article{BellyMell09,
  title = {Clinical judgements: Research and practice},
  author = {I. Bell and D. Mellor},
  journal = {Australian Psychologist},
  year = {2009},
  number = {2},
  pages = {112--121},
  volume = {44},
  publisher = {Taylor \& Francis},
}

@Article{BennyGlas09,
  title = {The delivery of public health interventions via the Internet: Actualizing their potential},
  author = {G. G. Bennett and R. E. Glasgow},
  journal = {Annual Review of Public Health},
  year = {2009},
  pages = {273--292},
  volume = {30},
}

@Article{Bent90,
  title = {Comparative Fit Indexes in Structural Models},
  author = {P. M. Bentler},
  journal = {Psychological Bulletin},
  year = {1990},
  number = {2},
  pages = {238--246},
  volume = {107},
}

@Article{BentyBonn80,
  title = {Significance tests and goodness of fit in the analysis of covariance structures},
  author = {P. M. Bentler and D. G. Bonett},
  journal = {Psychological Bulletin},
  year = {1980},
  number = {3},
  pages = {588--606},
  volume = {88},
}

@Article{BentyChou87,
  title = {Practical issues in structural modeling},
  author = {P. M. Bentler and C.-P. Chou},
  journal = {Sociological methods \& Research},
  year = {1987},
  number = {1},
  pages = {78--117},
  volume = {16},
}

@Article{Berk06,
  title = {An introduction to ensemble methods for data analysis},
  author = {R. A. Berk},
  journal = {Sociological Methods \& Research},
  year = {2006},
  number = {3},
  pages = {263--295},
  volume = {34},
  publisher = {Sage Publications},
}

@Article{Biel86,
  title = {Arbitrary Metrics in Multiple-Indicator Models of Latent Variables},
  author = {W. T Bielby},
  journal = {Sociological Methods \& Research},
  year = {1986},
  number = {3},
  pages = {3--23},
  volume = {15},
}

@Article{BijlyRave98,
  title = {Prevalence of psychiatric disorder in the general population: Results of the {N}etherlands {M}ental {H}ealth {S}urvey and {I}ncidence {S}tudy ({NEMESIS})},
  author = {R. V. Bijl and A. Ravelli and G. {Van Zessen}},
  journal = {Social Psychiatry and Psychiatric Epidemiology},
  year = {1998},
  number = {12},
  pages = {587--595},
  volume = {33},
  publisher = {Springer-Verlag},
}

@Article{BjelyDahl02,
  title = {{The validity of the Hospital Anxiety and Depression Scale - An updated literature review}},
  author = {I. Bjelland and A. A. Dahl and T. T. Haug and D. Neckelmann},
  journal = {Journal of Psychosomatic Research},
  year = {2002},
  number = {2},
  pages = {69--78},
  volume = {52},
  publisher = {London; New York: Pergamon Press, 1956-},
}

@Book{Boll89,
  title = {Structural equations with latent variables},
  author = {K. A. Bollen},
  publisher = {John Wiley \& Sons},
  year = {1989},
  address = {New York, NY},
}

@InCollection{BoomyHoog01,
  title = {The robustness of {LISREL} modeling revisited},
  author = {A. Boomsma and J. J. Hoogland},
  editor = {R. Cudeck and S. Du Toit and D. S\"{o}rbom},
  pages = {139--168},
  publisher = {Scientific Software International, Inc.},
  year = {2001},
  address = {Lincolnwood, IL},
  booktitle = {{S}tructural equation modeling: {P}resent and Future. {A} festschrift in honor of {K}arl {J}\"{o}reskog},
}

@Article{BoscyOei07,
  title = {Discriminant validity of the {MASQ} in a clinical sample},
  author = {M. J. Boschen and T. P. S. Oei},
  journal = {Psychiatry Research},
  year = {2007},
  number = {2},
  pages = {163--171},
  volume = {150},
  publisher = {Elsevier},
}

@Article{Boyl91,
  title = {Does item homogeneity indicate internal consistency or item redundancy in psychometric scales?},
  author = {G. J. Boyle},
  journal = {Personality and Individual Differences},
  year = {1991},
  number = {3},
  pages = {291--294},
  volume = {12},
}

@Article{BranyBran89,
  title = {Nonlinear and noncompensatory processes in performance evaluation},
  author = {M. T. Brannick and J. P. Brannick},
  journal = {Organizational Behavior and Human Decision Processes},
  year = {1989},
  number = {1},
  pages = {97--122},
  volume = {44},
  publisher = {Elsevier},
}

@Article{BredySpiel10,
  title = {Screening for depressive disorders using the {MASQ} anhedonic depression scale: A receiver-operator characteristic analysis},
  author = {K. Bredemeier and J. M. Spielberg and R. L. Silton and H. Berenbaum and W. Heller and G. A. Miller},
  journal = {Psychological Assessment},
  year = {2010},
  number = {3},
  pages = {702},
  volume = {22},
  publisher = {NIH Public Access},
}

@Article{Brei01RandFor,
  title = {Random forests},
  author = {L. Breiman},
  journal = {Machine learning},
  year = {2001},
  number = {1},
  pages = {5--32},
  volume = {45},
  publisher = {Springer-Verlag},
}

@Article{Brei01TwoCult,
  title = {Statistical modeling: The two cultures (with comments and a rejoinder by the author)},
  author = {L. Breiman},
  journal = {Statistical Science},
  year = {2001},
  number = {3},
  pages = {199--231},
  volume = {16},
  publisher = {Institute of Mathematical Statistics},
}

@Article{Brei98,
  title = {Arcing Classifiers},
  author = {L. Breiman},
  journal = {The Annals of Statistics},
  year = {1998},
  number = {3},
  pages = {801--849},
  volume = {26},
  publisher = {Institute of Mathematical Statistics},
}

@Article{Brei96,
  title = {Heuristics of instability and stabilization in model selection},
  author = {L. Breiman},
  journal = {The Annals of Statistics},
  year = {1996},
  number = {6},
  pages = {2350--2383},
  volume = {24},
  publisher = {Institute of Mathematical Statistics},
}

@Article{Brei96bagging,
  title = {Bagging predictors},
  author = {L. Breiman},
  journal = {Machine Learning},
  year = {1996},
  number = {2},
  pages = {123--140},
  volume = {24},
  publisher = {Springer-Verlag},
}

@Book{BreiyFrie84,
  title = {Classification and Regression Trees},
  author = {L. Breiman and J. Friedman and R. Olshen and C. Stone},
  publisher = {Wadsworth},
  year = {1984},
  address = {New York},
}

@InCollection{BrowyCude93,
  title = {Alternative ways of assessing model fit},
  author = {M. W. Browne and R. Cudeck},
  booktitle = {Testing structural equation models},
  publisher = {Sage},
  year = {1993},
  address = {Newbury Park, CA},
  editor = {K. A. Bollen and J. S. Long},
  pages = {136--162},
}

@Book{BrykyRaud92,
  title = {Hierarchical Linear Models: Applications and Data Analysis Methods},
  author = {A. S. Bryk and S. W. Raudenbush},
  publisher = {Sage},
  year = {1992},
  address = {Newbury Park, CA},
}

@Article{BuckyYung07,
  title = {Distinguishing between anxiety and depression using the {M}ood and {A}nxiety {S}ymptoms {Q}uestionnaire {(MASQ)}},
  author = {J. A. Buckby and A. R. Yung and E. M. Cosgrave and S. M. Cotton},
  journal = {British Journal of Clinical Psychology},
  year = {2007},
  number = {2},
  pages = {235--239},
  volume = {46},
}

@Article{Buri97,
  title = {Test Length and Validity Revisited},
  author = {M. Burisch},
  journal = {European Journal of Personality},
  year = {1997},
  pages = {303--315},
  volume = {11},
}

@Book{Byrn98,
  title = {Structural equation modeling with {LISREL}, {PRELIS}, and {SIMPLIS}: basic concepts, Applications, and Programming},
  author = {B. M. Byrne},
  publisher = {Lawrence Erlbaum Associates},
  year = {1998},
  address = {Mahwah, NJ},
}

@Article{Byrn95,
  title = {Strategies in testing for an invariant second-order factor structure: A comparison of {EQS} and {LISREL}},
  author = {B. M. Byrne},
  journal = {Structural Equation Modeling: A Multidisciplinary Journal},
  year = {1995},
  number = {1},
  pages = {53--72},
  volume = {2},
  publisher = {Taylor \& Francis},
}

@Article{ByrnyBaro94b,
  title = {Measuring Adolescent Depression: Tests of Equivalent Factorial Structure for {E}nglish and {F}rench Versions of the {B}eck {D}epression {I}nventory},
  author = {B. M. Byrne and P. Baron},
  journal = {Applied Psychology: An International Review},
  year = {1994},
  number = {1},
  pages = {33--47},
  volume = {43},
}

@Article{ByrnyBaro93b,
  title = {The {B}eck {D}epression {I}nventory: Testing and cross-validating a hierarchical factor structure for nonclinical adolescents},
  author = {B. M. Byrne and P. Baron},
  journal = {Measurement and Evaluation in Counseling and Development},
  year = {1993},
  pages = {164--178},
  volume = {26},
}

@Article{ByrnyBaro96a,
  title = {The {B}eck {D}epression {I}nventory: {T}esting for its factorial validity and invariance across gender for {B}ulgarian non-clinical adolescents},
  author = {B. M. Byrne and P. Baron and J. Balev},
  journal = {Personality and Individual Differences},
  year = {1996},
  number = {5},
  pages = {641--651},
  volume = {21},
}

@Article{ByrnyBaro94a,
  title = {The {B}eck {D}epression {I}nventory ({F}rench version): Testing for gender-invariant factorial structure for nonclinical adolescents},
  author = {B. M. Byrne and P. Baron and T. L. Campbell},
  journal = {Journal of Adolescent Research},
  year = {1994},
  number = {2},
  pages = {166--179},
  volume = {9},
}

@Article{ByrnyBaro93a,
  title = {Measuring adolescent depression: Factorial validity and invariance of the {B}eck {D}epression {I}nventory across gender},
  author = {B. M. Byrne and P. Baron and T. L. Campbell},
  journal = {Journal of Research on Adolescence},
  year = {1993},
  pages = {127--143},
  volume = {3},
}

@Article{ByrnyBaro96b,
  title = {Measuring depression for {S}wedish nonclinical adolescents: Factorial validity and equivalence of the {B}eck {D}epression {I}nventory across gender},
  author = {B. M. Byrne and P. Baron and B. Larsson and L. Melin},
  journal = {Scandinavian Journal of Psychology},
  year = {1996},
  number = {1},
  pages = {37--45},
  volume = {37},
}

@Article{ByrnyCamp99,
  title = {Cross-Cultural Comparisons and the Presumption of Equivalent Measurement and Theoretical Structure: A Look Beneath the Surface},
  author = {B. M. Byrne and L. T. Campbell},
  journal = {Journal of Cross-Cultural Psychology},
  year = {1999},
  number = {5},
  pages = {555--574},
  volume = {30},
}

@Article{ByrnyShav89,
  title = {Testing for the equivalence of factor covariance and mean structures: The issue of partial measurement invariance},
  author = {B. M. Byrne and R. J. Shavelson and B. Muthen},
  journal = {Psychological Bulletin},
  year = {1989},
  pages = {456--466},
  volume = {105},
}

@Article{ByrnyStew07,
  title = {The {B}eck {D}epression {I}nventory {II}: Testing for measurement equivalence and factor mean differences across {H}ong {K}ong and {A}merican adolescents},
  author = {B. M. Byrne and S. W. Stewart and B. D. Kennard and P. W. H. Lee},
  journal = {International Journal of Testing},
  year = {2007},
  pages = {293--309},
  volume = {7},
}

@Article{ByrnyStew04,
  title = {Validating the {B}eck {D}epression {I}nventory II for {H}ong {K}ong community adolescents},
  author = {B. M. Byrne and S. M. Stewart and P. W. H. Lee},
  journal = {International Journal of Testing},
  year = {2004},
  pages = {199--216},
  volume = {4},
}

@Article{ByrnyWatk03,
  title = {The issue of measurement invariance revisited},
  author = {B. M. Byrne and D. Watkins},
  journal = {Journal of Cross Cultural Psychology},
  year = {2003},
  number = {2},
  pages = {155--175},
  volume = {34},
}

@Article{CarlySchu12,
  title = {Development and validation of the 48-item {S}ymptom {Q}uestionnaire {({SQ-48})} in patients with depressive, anxiety and somatoform disorders},
  author = {I. V. E. Carlier and Y. {Schulte-Van Maaren} and K. Wardenaar and E. Giltay and M. {Van Noorden} and P. Vergeer and F. Zitman},
  journal = {Psychiatry Research},
  year = {2012},
  number = {2},
  pages = {904--910},
  volume = {200},
  publisher = {Elsevier},
}

@Article{CassyPate05,
  title = {Long-and Short-Term Risk Factors in the Prediction of Inpatient Suicide},
  author = {C. Cassells and B. Paterson and D. Dowding and R. Morrison},
  journal = {Crisis: The Journal of Crisis Intervention and Suicide Prevention},
  year = {2005},
  number = {2},
  pages = {53--63},
  volume = {26},
  publisher = {Hogrefe \& Huber},
}

@Article{CellyRile10,
  title = {{The Patient-Reported Outcomes Measurement Information System (PROMIS) developed and tested its first wave of adult self-reported health outcome item banks: 2005--2008}},
  author = {D. Cella and W. Riley and A. Stone and N. Rothrock and B. Reeve and S. Yount and D. Amtmann and R. Bode and D. Buysse and S. Choi and K. Cook and R. DeVellis and D. DeWalt and J. F. Fries and R. Gershon and E. A. Hahn and J.-S. Lai and P. Pilkonis and {D.} and {Rose} and M. Revicki and K. Weinfurt and R. Hays and PROMIS Cooperative Group},
  journal = {Journal of Clinical Epidemiology},
  year = {2010},
  number = {11},
  pages = {1179--1194},
  volume = {63},
}

@Article{Chen07,
  title = {Sensitivity of Goodness of Fit Indexes to Lack of Measurement Invariance},
  author = {F. F. Chen},
  journal = {Structural Equation Modeling},
  year = {2007},
  number = {3},
  pages = {464--504},
  volume = {14},
}

@Article{ChenyCurr08,
  title = {An Empirical Evaluation of the Use of Fixed Cutoff Points in {RMSEA} Test Statistic in Structural Equation Models},
  author = {F. Chen and P. J. Curran and K. A. Bollen and J. Kirby and P. Paxton},
  journal = {Sociological Methods \& Research},
  year = {2008},
  number = {4},
  pages = {462--494},
  volume = {36},
}

@Article{CheuyRens02,
  title = {Evaluating goodness-of-fit indexes for testing measurement invariance},
  author = {G. W. Cheung and R. B. Rensvold},
  journal = {Structural Equation Modeling},
  year = {2002},
  pages = {233--255},
  volume = {9},
}

@Article{CheuyRens00,
  title = {Assessing extreme and acquiescence response sets in cross-cultural research using structural equation modeling},
  author = {G. W. Cheung and R. B. Rensvold},
  journal = {Journal of Cross Cultural Psychology},
  year = {2000},
  pages = {187--212},
  volume = {31},
}

@Article{CheuyRens99,
  title = {Testing factorial invariance across groups: A reconceptualization and proposed new method},
  author = {G. W. Cheung and R. B. Rensvold},
  journal = {Journal of Management},
  year = {1999},
  pages = {1--27},
  volume = {25},
}

@Article{ChoiyGibb11,
  title = {{lordif: An R package for detecting differential item functioning using iterative hybrid ordinal logistic regression/item response theory and Monte Carlo simulations}},
  author = {S. W. Choi and L. E. Gibbons and P. K. Crane},
  journal = {Journal of Statistical Software},
  year = {2011},
  number = {8},
  pages = {1--30},
  volume = {39},
}

@Article{ChoiyReis10,
  title = {Efficiency of static and computer adaptive short forms compared to full-length measures of depressive symptoms},
  author = {S. W. Choi and S. P. Reise and P. A. Pilkonis and R. D. Hays and D. Cella},
  journal = {Quality of Life Research},
  year = {2010},
  number = {1},
  pages = {125--136},
  volume = {19},
  publisher = {Springer-Verlag},
}

@Article{ClaryCava83,
  title = {The core symptoms of depression in medical and psychiatric patients},
  author = {D. Clark and S Cavanaugh and R. Gibbons},
  journal = {Journal of Nervous and Mental Disease},
  year = {1983},
  pages = {705--713},
  volume = {171},
}

@Article{ClaryGibb85,
  title = {Unbiased criteria for severity of depression in alcoholic inpatients},
  author = {D. Clark and R. Gibbons and J. Fawcett and CA Aagesen and D. Sellers},
  journal = {Journal of Nervous and Mental Disease},
  year = {1985},
  pages = {482--487},
  volume = {173},
}

@Article{ClaryWats91,
  title = {Tripartite model of anxiety and depression: Psychometric evidence and taxonomic implications},
  author = {L. A. Clark and D. Watson},
  journal = {Journal of Abnormal Psychology},
  year = {1991},
  number = {3},
  pages = {316},
  volume = {100},
  publisher = {American Psychological Association},
}

@Article{Cohe92,
  title = {A Power Primer},
  author = {J. Cohen},
  journal = {Psychological Bulletin},
  year = {1992},
  number = {1},
  pages = {155--159},
  volume = {112},
  publisher = {American Psychological Association},
}

@InProceedings{CoheySing99,
  title = {A simple, fast, and effective rule learner},
  author = {W. W. Cohen and Y. Singer},
  booktitle = {Proceedings of the National Conference on Artificial Intelligence},
  year = {1999},
  organization = {John Wiley \& Sons Ltd},
  pages = {335--342},
}

@Article{CollyWest04,
  title = {Gaps in accessing treatment for anxiety and depression: Challenges for the delivery of care},
  author = {K. A. Collins and H. A. Westra and D. J. A. Dozois and D. D. Burns},
  journal = {Clinical Psychology Review},
  year = {2004},
  number = {5},
  pages = {583--616},
  volume = {24},
  publisher = {Elsevier},
}

@Article{ConiyHall06,
  title = {{The AUDIT questionnaire: Choosing a cut-off score}},
  author = {K. M. Conigrave and W. D. Hall and J. B. Saunders},
  journal = {Addiction},
  year = {2006},
  number = {10},
  pages = {1349--1356},
  volume = {90},
  publisher = {John Wiley \& Sons},
}

@Article{ConryTege06,
  title = {Applying rule ensembles to the search for super-symmetry at the large hadron collider},
  author = {J. Conrad and F. Tegenfeldt},
  journal = {Journal of High Energy Physics},
  year = {2006},
  number = {40},
  volume = {7},
  publisher = {IOP Publishing},
}

@Book{CookyCamp79,
  title = {Quasi-Experimentation: Design \& Analysis Issues for Field Settings},
  author = {{T.D.} and {Cook} and D. T. Campbell},
  publisher = {Rand McNally College Publishing Company},
  year = {1979},
  address = {Chicago, IL},
}

@Article{CrocyRand05,
  title = {Measurement Equivalence of the {C}enter for {E}pidemiological {S}tudies {D}epression {S}cale for {L}atino and {A}nglo Adolescents: A National Study},
  author = {L. J. Crockett and B. A. Randally and Y-L. Shenz and S. T. Russell and A. K. Driscoll},
  journal = {Journal of Consulting and Clinical Psychology},
  year = {2005},
  number = {1},
  pages = {47--58},
  volume = {73},
}

@Book{CronyGles65,
  title = {Psychological tests and personnel decisions},
  author = {L. J. Cronbach and G. C. Gleser},
  publisher = {University of Illionois Press},
  year = {1965},
  address = {Urbana, IL},
}

@Article{CuijyBolu08,
  title = {Screening of Depression in Adolescents through the Internet},
  author = {P. Cuij{\-}pers and P. Boluijt and A. {van Straten}},
  journal = {European Child \& Adolescent Psychiatry},
  year = {2008},
  number = {1},
  pages = {32--38},
  volume = {17},
  publisher = {Springer-Verlag},
}

@Article{CuijyGera11,
  title = {Interpersonal Psychotherapy for Depression: A Meta-Analysis},
  author = {P. Cuij{\-}pers and A. S. Geraedts and P. {van Oppen} and G. Andersson and J. C. Markowitz and A. {van Straten}},
  journal = {American Journal of Psychiatry},
  year = {2011},
  number = {6},
  pages = {581--592},
  volume = {168},
}

@Article{CuijySmit10,
  title = {{Screening for mood and anxiety disorders with the five-item, the three-item, and the two-item Mental Health Inventory}},
  author = {P. Cuij{\-}pers and N. Smits and T. Donker and M. Ten Ha{\-}ve and R. Graaf},
  journal = {Psychiatry Research},
  year = {2010},
  pages = {250-255},
  volume = {168},
}

@Article{CuijyStra08,
  title = {Psychotherapy for depression in adults: A meta-analysis of comparative outcome studies},
  author = {P. Cuij{\-}pers and A. {van Straten} and G. Andersson and P. {van Oppen}},
  journal = {Journal of Consulting and Clinical Psychology},
  year = {2008},
  number = {6},
  pages = {909},
  volume = {76},
  publisher = {American Psychological Association},
}

@Article{CuijyWeit14,
  title = {Gender as Predictor and Moderator of Outcome in Cognitive Behavior Therapy and Pharmacotherapy for Adult Depression: An ``Individual-Patients Data'' Meta-Analysis},
  author = {P. Cuij{\-}pers and E. Weitz and J. Twisk and C. Kuehner and I. Cristea and D. David and R. J. DeRubeis and S. Dimidjian and B. W. Dunlop and M. Faramarzi and U. Hegerl and R. B. Jarrett and S. H. Kennedy and F. Kheirkhah and R. Mergl and J Miranda and D. C. Mohr and Z. V. Segal and J. Siddique and Simons, A. D. and J. R. Vittengl and S. D. Hollon},
  journal = {Depression and Anxiety},
  year = {2014},
  number = {11},
  pages = {941--951},
  volume = {31},
  publisher = {John Wiley \& Sons},
}

@Article{CurryWest96,
  title = {The Robustness of Test Statistics to Nonnormality and Specification Error in Confirmatory Factor Analysis},
  author = {P. J. Curran and J. F. West and S. G. Finch},
  journal = {Psychological Methods},
  year = {1996},
  number = {1},
  pages = {16--29},
  volume = {1},
}

@Article{DAliyMisc06,
  title = {Depression is the main determinant of quality of life in multiple sclerosis: {A} classification-regression {(CART)} study},
  author = {S. D'Alisa and G. Miscio and S. Baudo and A. Simone and L. Tesio and A. Mauro},
  journal = {Disability \& Rehabilitation},
  year = {2006},
  number = {5},
  pages = {307--314},
  volume = {28},
  publisher = {Informa UK Ltd UK},
}

@Article{DashyLiu97,
  title = {Feature selection for classification},
  author = {M. Dash and H. Liu},
  journal = {Intelligent Data Analysis},
  year = {1997},
  number = {3},
  pages = {131--156},
  volume = {1},
}

@Article{DaviyHard94,
  title = {Data monitoring in clinical trials: The case for stochastic curtailment},
  author = {B. R. Davis and R. J. Hardy},
  journal = {Journal of Clinical Epidemiology},
  year = {1994},
  number = {9},
  pages = {1033--1042},
  volume = {47},
  publisher = {Elsevier},
}

@Article{Dawe02,
  title = {The ethics of using or not using statistical prediction rules in psychological practice and related consulting activities},
  author = {R. M. Dawes},
  journal = {Philosophy of Science},
  year = {2002},
  number = {S3},
  pages = {S178--S184},
  volume = {69},
  publisher = {JSTOR},
}

@Article{DaweyFaus89,
  title = {Clinical versus actuarial judgment},
  author = {R. M. Dawes and D. Faust and P. E. Meehl},
  journal = {Science},
  year = {1989},
  number = {4899},
  pages = {1668--1674},
  volume = {243},
}

@Article{DeBeyHoll07,
  title = {The tripartite model for assessing symptoms of anxiety and depression: Psychometrics of the {D}utch version of the {M}ood and {A}nxiety {S}ymptoms {Q}uestionnaire},
  author = {E. De Beurs and M. E. Den Hollander-Gijsman and S. Helmich and FG Zitman},
  journal = {Behaviour Research and Therapy},
  year = {2007},
  number = {7},
  pages = {1609--1617},
  volume = {45},
  publisher = {Elsevier},
}

@Article{DeBeyHoll11,
  title = {Routine outcome monitoring in the {N}etherlands: {P}ractical experiences with a web-based strategy for the assessment of treatment outcome in clinical practice},
  author = {E. {De Beurs} and M E den Hollander-Gijsman and Y R {Van Rood} and N J A {Van Der Wee} and E J Giltay and M S {Van Noorden} and R. {Van der Lem} and E. {Van Fenema} and F G Zitman},
  journal = {Clinical Psychology \& Psychotherapy},
  year = {2011},
  number = {1},
  pages = {1--12},
  volume = {18},
  issn = {1099-0879},
}

@Article{GraayHave12,
  title = {{Prevalence of mental disorders and trends from 1996 to 2009. Results from the Netherlands Mental Health Survey and Incidence Study-2}},
  author = {R. De Graaf and M. ten Have and C. {Van Gool} and S. {Van Dorsselaer}},
  journal = {Social Psychiatry and Psychiatric Epidemiology},
  year = {2012},
  number = {2},
  pages = {203--213},
  volume = {47},
  publisher = {Springer-Verlag},
}

@Article{DearyEgan96,
  title = {Intelligence and the differentiation hypothesis},
  author = {I. J. Deary and V. Egan and G. J. Gibson and E. J. Austin and C. R. Brand and T. Kellaghan},
  journal = {Intelligence},
  year = {1996},
  number = {2},
  pages = {105--132},
  volume = {23},
}

@Article{DembyKotl10,
  title = {{ENDER: a statistical framework for boosting decision rules}},
  author = {K. Dembczy{\'n}ski and W. Kot{\l}owski and R. S{\l}owi{\'n}ski},
  journal = {Data Mining and Knowledge Discovery},
  year = {2010},
  number = {1},
  pages = {52--90},
  volume = {21},
  publisher = {Springer-Verlag},
}

@Article{DersyLair86,
  title = {Meta-Analysis in Clinical Trials},
  author = {R. DerSimonian and N. Laird},
  journal = {Controlled Clinical Trials},
  year = {1986},
  number = {3},
  pages = {177--188},
  volume = {7},
  publisher = {Elsevier},
}

@Article{DettyDani98,
  title = {Correlations of mental tests with each other and with cognitive variables are highest for low IQ groups*},
  author = {D. K. Detterman and M. H. Daniel},
  journal = {Intelligence},
  year = {1989},
  number = {4},
  pages = {349--359},
  volume = {13},
}

@Article{Dham03,
  title = {Psychological Models of Professional Decision Making},
  author = {M. K. Dhami},
  journal = {Psychological Science},
  year = {2003},
  number = {2},
  pages = {175--180},
  volume = {14},
}

@Article{DhamyHarr01,
  title = {Fast and frugal versus regression models of human judgment},
  author = {M. K. Dhami and C. Harries},
  journal = {Thinking and Reasoning},
  year = {2001},
  number = {1},
  pages = {5--27},
  volume = {7},
}

@Article{Diet00,
  title = {Ensemble methods in machine learning},
  author = {T. Dietterich},
  journal = {Multiple Classifier Systems},
  year = {2000},
  pages = {1--15},
  volume = {1857},
  publisher = {Springer-Verlag},
}

@Article{DingyVeli95,
  title = {Effects of estimation methods, number of indicators per factor, and improper solution on structural equation modeling fit indices.},
  author = {L. Ding and W. F. Velicer and L. L. Harlow},
  journal = {Structural Equation Modeling},
  year = {1995},
  number = {2},
  pages = {119--144},
  volume = {2},
}

@Article{DiSt02,
  title = {The Impact of Categorization With Confirmatory Factor Analysis},
  author = {C. DiStefano},
  journal = {Structural Equation Modeling},
  year = {2002},
  number = {3},
  pages = {327--346},
  volume = {9},
}

@Article{DonkyStra11,
  title = {{Quick and easy self-rating of Generalized Anxiety Disorder: Validity of the Dutch web-based GAD-7, GAD-2 and GAD-SI}},
  author = {T. Donker and A. {van Straten} and I. Marks and P. Cuijpers},
  journal = {Psychiatry Research},
  year = {2011},
  number = {1},
  pages = {58--64},
  volume = {188},
  publisher = {Elsevier},
}

@Article{DonkyStra10,
  title = {{Brief self-rated screening for depression on the Internet}},
  author = {T. Donker and A. {van Straten} and I. Marks and P. Cuijpers},
  journal = {Journal of Affective Disorders},
  year = {2010},
  pages = {253--259},
  volume = {122},
  publisher = {Elsevier Science},
}

@Article{DonkyStra09,
  title = {{A brief Web-based screening questionnaire for common mental disorders: Development and validation}},
  author = {T. Donker and A. {Van Straten} and I. Marks and P. Cuijpers},
  journal = {{Journal of Medical Internet Research}},
  year = {2009},
  number = {3},
  volume = {11},
  publisher = {Internet Healthcare Coalition},
}

@Article{DoovyDuss14,
  title = {A Comparison of Five Recursive Partitioning Methods to Find Person Subgroups Involved in Meaningful Treatment-Subgroup Interactions},
  author = {L. L. Doove and E. Dusseldorp and K. {Van Deun} and I. {Van Mechelen}},
  journal = {Advances in Data Analysis and Classification},
  year = {2014},
  volume = {8},
  number = {4},
  pages = {403--425},
  publisher = {Springer-Verlag},
}

@Article{DoovyVanB14,
  title = {Recursive partitioning for missing data imputation in the presence of interaction effects},
  author = {L. L. Doove and S. {Van Buuren} and E. Dusseldorp},
  journal = {Computational Statistics \& Data Analysis},
  year = {2014},
  pages = {92--104},
  volume = {72},
  publisher = {Elsevier},
}

@Article{DozoyDobs98,
  title = {A psychometric evaluation of the Beck Depression Inventory--II.},
  author = {D. J. A. Dozois and K. S. Dobson and J. L. Ahnberg},
  journal = {Psychological assessment},
  year = {1998},
  number = {2},
  pages = {83},
  volume = {10},
}

@Misc{DrieySmit14,
  title = {Differential Efficacy of Cognitive Behavioral Therapy and Psychodynamic Therapy for Major Depression: A Study of Prescriptive Factors},
  author = {E. Driessen and N. Smits and J. Peen and F. J. Don and S. Kool and D. Westra and M. Hendriksen and P. Cuijpers and J. J. M. Dekker and H. L. Van},
  note = {Manuscript under review},
  year = {2014},
}

@Article{DunkyFroe02,
  title = {Replication of a two-factor model of the {B}eck {D}epression {I}nventory in alcohol dependents and suicide attempters},
  author = {D. Dunkel and S. Froehlich and E. Antretter and C. Haring},
  journal = {Psychopathology},
  year = {2002},
  number = {4},
  pages = {228--233},
  volume = {35},
}

@Article{DussyMech14,
  title = {Qualitative Interaction Trees: A Tool to Identify Qualitative Treatment-Subgroup Interactions},
  author = {E. Dus{\-}sel{\-}dorp and I. {Van Mech{\-}elen}},
  journal = {Statistics in Medicine},
  year = {2014},
  number = {2},
  pages = {219--237},
  volume = {33},
  publisher = {John Wiley \& Sons},
}

@Article{DussyConv10,
  title = {Combining an Additive and Tree-Based Regression Model Simultaneously: STIMA},
  author = {E. Dusseldorp and C. Conversano and B. J. {Van Os}},
  journal = {Journal of Computational and Graphical Statistics},
  year = {2010},
  number = {3},
  pages = {514--530},
  volume = {19},
  publisher = {Taylor \& Francis},
}

@Article{DussyMeul04,
  title = {The Regression Trunk Approach to Discover Treatment Covariate Interaction},
  author = {E. Dusseldorp and J. J. Meulman},
  journal = {Psychometrika},
  year = {2004},
  number = {3},
  pages = {355--374},
  volume = {69},
  publisher = {Springer-Verlag},
}

@Article{EdwayRobe02,
  title = {Increasing response rates to postal questionnaires: Systematic review},
  author = {P. Edwards and I. Roberts and M. J. Clarke and C. DiGuiseppi and S. Pratap and R. Wentz and I. Kwan},
  journal = {British Medical Journal},
  year = {2002},
  number = {7347},
  pages = {1183},
  volume = {324},
  publisher = {British Medical Journal Publishing Group},
}

@Article{EdwayRobe09,
  title = {Methods to increase response to postal and electronic questionnaires (review)},
  author = {P. J. Edwards and I. Roberts and M. J. Clarke and C. DiGuiseppi and R. Wentz and I. Kwan and R. Cooper and L. M. Felix and S. Pratap},
  journal = {The Cochrane Collaboration},
  year = {2009},
  issue = {3},
  publisher = {John Wiley \& Sons},
}

@Article{EdwayRobe04,
  title = {Follow-up by mail in clinical trials: Does questionnaire length matter?},
  author = {P. Edwards and I. Roberts and P. Sandercock and C. Frost},
  journal = {Controlled Clinical Trials},
  year = {2004},
  number = {1},
  pages = {31},
  volume = {25},
}

@Article{EfroyTibs91,
  title = {Statistical data analysis in the computer age},
  author = {B. Efron and R. Tibshirani},
  journal = {Science},
  year = {1991},
  pages = {390-395},
  volume = {253},
}

@Article{Einh70,
  title = {The use of nonlinear, noncompensatory models in decision making.},
  author = {H. J. Einhorn},
  journal = {Psychological Bulletin},
  year = {1970},
  number = {3},
  pages = {221--230},
  volume = {73},
  publisher = {American Psychological Association},
}

@Article{EiseyGhos80,
  title = {Curtailed and uniformly most powerful sequential tests},
  author = {B. Eisenberg and B. K. Ghosh},
  journal = {The Annals of Statistics},
  year = {1980},
  number = {5},
  pages = {1123--1131},
  volume = {8},
  publisher = {JSTOR},
}

@Article{EiseySimo78,
  title = {On weak admissibility of tests},
  author = {B. Eisenberg and G. Simons},
  journal = {The Annals of Statistics},
  year = {1978},
  number = {2},
  pages = {319--332},
  volume = {6},
  publisher = {JSTOR},
}

@Article{ElkiyParl85,
  title = {{NIMH} {T}reatment of {D}epression {C}ollaborative {R}esearch {P}rogram},
  author = {I. Elkin and M. B. Parloff and S. W. Hadley and J. H. Autry},
  journal = {Archives of General Psychiatry},
  year = {1985},
  pages = {305--316},
  volume = {42},
}

@Article{ElkiyShea89,
  title = {{N}ational {I}nstitute of {M}ental {H}ealth {T}reatment of {D}epression {C}ollaborative {R}esearch {P}rogram: General effectiveness of treatments},
  author = {I. Elkin and T. Shea and J. T. Watkins and S. D. Imber and S. M. Sotsky and J. F. Collins and D. R. Glass and P. A. Pilkonis and W. R. Leber and J. P. Docherty and S. J. Fiester and M. B. Parloff},
  journal = {Archives of General Psychiatry},
  year = {1989},
  pages = {971--982},
  volume = {46},
}

@InBook{Elom94,
  title = {{Machine Learning: Proceedings of the Eleventh International Conference (New Brunswick, NJ)}},
  author = {T. Elomaa},
  chapter = {{In defense of C4. 5: Notes on learning one-level decision trees}},
  editor = {W. Cohen and H. Hirsh},
  pages = {62--69},
  publisher = {Morgan Kaufmann},
  year = {1994},
  address = {San Francisco, CA},
}

@Article{EndiySpit76,
  title = {The Global Assessment Scale: A procedure for measuring overall severity of psychiatric disturbance},
  author = {J. Endicott and R. L. Spitzer and J. L. Fleiss and J. Cohen},
  journal = {Archives of General Psychiatry},
  year = {1976},
  number = {6},
  pages = {766},
  volume = {33},
}

@Article{EndlyRuth99,
  title = {Beck {D}epression {I}nventory: exploring its dimensionality in a nonclinical population},
  author = {N. S Endler and A. Rutherford and E. Denisoff},
  journal = {J Clin Psychol},
  year = {1999},
  pages = {1307--1312},
  volume = {55},
}

@Manual{EpskyCram11,
  title = {qgraph: network representations of relationships in data (Version 0.5.3)},
  author = {S. Epskamp and A. O. J. Cramer and L. J. Waldorp and V. D. Schmittman and D. Borsboom},
  year = {2011},
  url = {http://CRAN.R-project.org/package=qgraph},
}

@Article{Eyse05,
  title = {The law of attrition},
  author = {G. Eysenbach},
  journal = {Journal of Medical Internet Research},
  year = {2005},
  number = {1},
  pages = {e11},
  volume = {7},
  publisher = {Internet Healthcare Coalition},
}

@Book{FurnyGamb12,
  title = {Foundations of Rule Learning},
  author = {J. F{\"u}rnkranz and D. Gamberger and N. Lavra{\v c}},
  publisher = {Springer-Verlag},
  year = {2012},
  address = {Berlin Heidelberg},
}

@Article{Farr94,
  title = {Structural equation modeling with longitudinal data: {S}trategies for examining group differences and reciprocal relationships},
  author = {A. D. Farrell},
  journal = {Journal of Consulting and Clinical Psychology},
  year = {1994},
  number = {3},
  pages = {477--487},
  volume = {62},
}

@Article{FawcyEpst87,
  title = {{Clinical Management-Imipramine/Placebo Administration Manual: NIMH Treatment of Depression Collaborative Research Program}},
  author = {J. Fawcett and P. and Fiester and S. J. Epstein and I. Elkin and J. H. Autry},
  journal = {Psychopharmacological Bulletin},
  year = {1987},
  pages = {309--324},
  volume = {23},
}

@Article{Faye07,
  title = {{Applying item response theory and computer adaptive testing: The challenges for health outcomes assessment}},
  author = {P. M. Fayers},
  journal = {Quality of Life Research},
  year = {2007},
  pages = {187--194},
  volume = {16},
  publisher = {Springer-Verlag},
}

@Article{FinkyHe11,
  title = {Stochastic curtailment of health questionnaires: A method to reduce respondent burden},
  author = {M. D. Finkelman and Y. He and W. Kim and A. M. Lai},
  journal = {Statistics in Medicine},
  year = {2011},
  number = {16},
  pages = {1989--2004},
  volume = {30},
  publisher = {John Wiley \& Sons},
}

@Article{FinkySmit12,
  title = {Curtailment and Stochastic Curtailment to Shorten the {CES-D}},
  author = {M. D. Finkelman and N. Smits and W. Kim and B. Riley},
  journal = {Applied Psychological Measurement},
  year = {2012},
  number = {8},
  pages = {632--658},
  volume = {36},
  publisher = {SAGE Publications},
}

@Article{FiscyStei02,
  title = {Use of simple heuristics to target macrolide prescription in children with community-acquired pneumonia},
  author = {J. E. Fischer and F. Steiner and F. Zucol and C. Berger and L. Martignon and W. Bossart and M. Altwegg and D. Nadal},
  journal = {Archives of Pediatrics \& Adolescent Medicine},
  year = {2002},
  number = {10},
  pages = {1005--1008},
  volume = {156},
  publisher = {Am Med Assoc},
}

@Article{FlieyBeck05,
  title = {Development of a computer-adaptive test for depression ({D-CAT})},
  author = {H. Fliege and J. Becker and O. B. Walter and J. B. Bjorner and B. F. Klapp and M. Rose},
  journal = {Quality of Life Research},
  year = {2005},
  number = {10},
  pages = {2277--2291},
  volume = {14},
}

@Article{FlieyBeck09,
  title = {Evaluation of a computer-adaptive test for the assessment of depression ({D-CAT}) in clinical application},
  author = {H. Fliege and J. Becker and O. B. Walter and M. Rose and J. B. Bjorner and B. F. Klapp},
  journal = {International Journal of Methods in Psychiatric Research},
  year = {2009},
  number = {1},
  pages = {23--36},
  volume = {18},
}

@Article{FokkySmit14,
  title = {Combining Decision Trees and Stochastic Curtailment for Assessment Length Reduction of Test Batteries Used for Classification},
  author = {M. Fokkema and N. Smits and H. Kelderman and I. V. E. Carlier and A. M. {van Hemert}},
  journal = {Applied Psychological Measurement},
  year = {2014},
  number = {1},
  pages = {3--17},
  volume = {38},
  publisher = {SAGE Publications},
}

@Article{FostyTayl11,
  title = {Subgroup Identification from Randomized Clinical Trial Data},
  author = {J. C. Foster and J. M. G. Taylor and S. J. Ruberg},
  journal = {Statistics in Medicine},
  year = {2011},
  number = {24},
  pages = {2867--2880},
  volume = {30},
  publisher = {John Wiley \& Sons},
}

@InProceedings{FranyWitt98,
  title = {Generating Accurate Rule Sets Without Global Optimization},
  author = {E. Frank and I. H. Witten},
  booktitle = {Proceedings of the Fifteenth International Conference on Machine Learning},
  year = {1998},
  organization = {Morgan Kaufmann Publishers Inc.},
  pages = {144--151},
}

@Article{FreuyShap99,
  title = {A short introduction to boosting},
  author = {Y. Freund and R. Schapire},
  journal = {Journal of Japanese Society For Artificial Intelligence},
  year = {1999},
  number = {771-780},
  pages = {1612},
  volume = {14},
}

@Article{Frie93,
  title = {Methods for Pooled Analyses of Epidemiologic Studies},
  author = {C. M. Friedenreich},
  journal = {Epidemiology},
  year = {1993},
  number = {4},
  pages = {295--302},
  volume = {4},
  publisher = {LWW},
}

@Misc{Frie12,
  title = {{RuleFit with R [version 3]}},
  author = {J. Friedman},
  note = {Available from http://www-stat.stanford.edu/~jhf/R-RuleFit.html},
  year = {2012},
  type = {Computer software},
}

@Article{FrieyFish99,
  title = {Bump hunting in high-dimensional data},
  author = {J. H. Friedman and N. I. Fisher},
  journal = {Statistics and Computing},
  year = {1999},
  number = {2},
  pages = {123--143},
  volume = {9},
  publisher = {Springer-Verlag},
}

@Misc{FrieyPope12,
  title = {RuleFit (version 3)},
  author = {J. Friedman and B. Popescu},
  year = {2012},
  type = {Computer software},
  url = {http://www-stat.stanford.edu/~jhf/R-RuleFit.html},
}

@Article{FrieyPope08,
  title = {Predictive learning via rule ensembles},
  author = {J. H. Friedman and B. E. Popescu},
  journal = {The Annals of Applied Statistics},
  year = {2008},
  pages = {916--954},
  publisher = {JSTOR},
}

@Misc{FrieyPope03,
  title = {Importance sampled learning ensembles},
  author = {J. Friedman and B. Popescu},
  note = {http://www-stat.stanford.edu/~jhf/ftp/isle.pdf},
  year = {2003},
  publisher = {Stanford University},
  type = {Technical Report},
}

@Article{FrieyCell09,
  title = {{Progress in assessing physical function in arthritis: PROMIS short forms and computerized adaptive testing}},
  author = {J. F. Fries and D. Cella and M. Rose and E. Krishnan and B. Bruce},
  journal = {The Journal of Rheumatology},
  year = {2009},
  number = {9},
  pages = {2061--2066},
  volume = {36},
  publisher = {The Journal of Rheumatology},
}

@Article{FuySimo15,
  title = {Unbiased Regression Trees for Longitudinal Data},
  author = {W. Fu and J. Simonoff},
  year = {2015},
  journal = {Computational Statistics \& Data Analysis},
  volume = {88},
  pages = {53--74},
}

@Article{GaleyBosn09,
  title = {Effects of questionnaire length on participation and indicators of response quality in a web survey},
  author = {M. Galesic and M. Bosnjak},
  journal = {Public Opinion Quarterly},
  year = {2009},
  number = {2},
  pages = {349--360},
  volume = {73},
  publisher = {AAPOR},
}

@Article{Ganz01,
  title = {{Nonlinear models of clinical judgment: Communal nonlinearity and nonlinear accuracy}},
  author = {Y. Ganzach},
  journal = {Psychological Science},
  year = {2001},
  number = {5},
  pages = {403--407},
  volume = {12},
  publisher = {SAGE Publications},
}

@Article{Ganz97,
  title = {Theory and configurality in clinical judgments of expert and novice psychologists},
  author = {Y. Ganzach},
  journal = {Journal of Applied Psychology},
  year = {1997},
  number = {6},
  pages = {954--960},
  volume = {82},
  publisher = {American Psychological Association},
}

@Article{Ganz95,
  title = {Nonlinear models of clinical judgment: Meehl's data revisited.},
  author = {Y. Ganzach},
  journal = {Psychological Bulletin},
  year = {1995},
  number = {3},
  pages = {422--429},
  volume = {118},
  publisher = {American Psychological Association},
}

@Article{Garb00,
  title = {{Computers will become increasingly important for psychological assessment: Not that there's anything wrong with that}},
  author = {H. N. Garb},
  journal = {Psychological Assessment},
  year = {2000},
  number = {1},
  pages = {31--39},
  volume = {12},
  publisher = {American Psychological Association},
}

@Article{Garb94,
  title = {Toward a second generation of statistical prediction rules in psychodiagnosis and personality assessment},
  author = {H. N. Garb},
  journal = {Computers in Human Behavior},
  year = {1994},
  number = {3},
  pages = {377--394},
  volume = {10},
  publisher = {Elsevier},
}

@Article{GardyKell02,
  title = {Multidimensional adaptive testing for mental health problems in primary care},
  author = {W. Gardner and K. J. Kelleher and K. A. Pajer},
  journal = {Medical Care},
  year = {2002},
  number = {9},
  pages = {812--823},
  volume = {40},
}

@Article{GardyLidz96,
  title = {A comparison of actuarial methods for identifying repetitively violent patients with mental illnesses},
  author = {W. Gardner and C. W. Lidz and E. P. Mulvey and E. C. Shaw},
  journal = {Law and Human Behavior},
  year = {1996},
  number = {1},
  pages = {35--48},
  volume = {20},
  publisher = {Hogrefe \& Huber},
}

@Article{GeisyCano06,
  title = {Psychometric properties of the {M}ood and {A}nxiety {S}ymptom {Q}uestionnaire in patients with chronic pain},
  author = {M. E. Geisser and A. Cano and H. Foran},
  journal = {The Clinical Journal of Pain},
  year = {2006},
  number = {1},
  pages = {1},
  volume = {22},
}

@Article{GerbyAnde92,
  title = {Monte Carlo Evaluations of Goodness of Fit Indices for Structural Equation Models},
  author = {D. W. Gerbing and J. C. Anderson},
  journal = {Sociological Methods \& Research},
  year = {1992},
  pages = {132--160},
  volume = {21},
}

@Article{GibbyWeis08,
  title = {Using computerized adaptive testing to reduce the burden of mental health assessment},
  author = {R. D. Gibbons and D. J. Weiss and D. J. Kupfer and E. Frank and A. Fagiolini and V. J. Grochocinski and D. K. Bhaumik and M. A. Stover and R. D. Bock and J. C. Immekus},
  journal = {Psychiatric Services},
  year = {2008},
  number = {4},
  pages = {361},
  volume = {59},
  publisher = {NIH Public Access},
}

@Article{Gige96,
  title = {The Psychology of Good Judgment: Frequency Formats and Simple Algorithms},
  author = {G. Gigerenzer},
  journal = {Medical Decision Making},
  year = {1996},
  number = {3},
  pages = {273--280},
  volume = {16},
  publisher = {SAGE Publications},
}

@Article{GigeyGold96,
  title = {Reasoning the fast and frugal way: models of bounded rationality},
  author = {G. Gigerenzer and D. G. Goldstein},
  journal = {Psychological Review},
  year = {1996},
  number = {4},
  pages = {650--669},
  volume = {103},
  publisher = {American Psychological Association},
}

@Book{GigeyTodd99,
  title = {Simple heuristics that make us smart},
  author = {G. Gigerenzer and P. Todd and the ABC Research Group},
  publisher = {Oxford University Press},
  year = {1999},
  address = {New York, NY},
}

@Article{GilbySheld06,
  title = {{Health policy: Should we screen for depression?}},
  author = {S. Gilbody and T. Sheldon and S. Wessely},
  journal = {British Medical Journal},
  year = {2006},
  number = {7548},
  pages = {1027},
  volume = {332},
  publisher = {BMJ Group},
}

@Article{GoleyBill76,
  title = {Measuring change and persistence in human affairs: types of change generated by {OD} designs},
  author = {R. T. Golembiewski and K. Billingsley and S. Yeager},
  journal = {Journal of Applied Behavioral Science},
  year = {1976},
  number = {2},
  pages = {133},
  volume = {12},
}

@Article{GoreyAndr99,
  title = {Psychometric properties of the {P}ortuguese version of the {B}eck {D}epression in {B}razilian college students},
  author = {C. Gorenstein and L. Andrade and A. H. G. V. Filho and T. C. Tung and R. Artes},
  journal = {J Clin Psychol},
  year = {1999},
  pages = {553--562},
  volume = {55},
}

@Article{Grom09,
  title = {Variable importance assessment in regression: linear regression versus random forest},
  author = {U. Gr{\"a}omping},
  journal = {The American Statistician},
  year = {2009},
  number = {4},
  pages = {308--319},
  volume = {63},
}

@Article{Grah09,
  title = {Missing data analysis: {M}aking it work in the real world},
  author = {J. W. Graham},
  journal = {Annual Review of Psychology},
  year = {2009},
  number = {60},
  pages = {549--576},
  volume = {2009},
}

@Article{GrayyAust98,
  title = {Quality assurance in screening programmes},
  author = {J. A. M. Gray and J. Austoker},
  journal = {British Medical Bulletin},
  year = {1998},
  number = {4},
  pages = {983--992},
  volume = {54},
  publisher = {British Council},
}

@Article{GreeyMehr97,
  title = {What alters physicians' decisions to admit to the coronary care unit?},
  author = {L. Green and D. R. Mehr},
  journal = {Journal of Family Practice},
  year = {1997},
  number = {3},
  pages = {219--226},
  volume = {45},
}

@Article{Greg06,
  title = {Do self-report instruments allow meaningful comparisons across diverse population groups? {T}esting measurement invariance using the confirmatory factor analysis framework},
  author = {S. E. Gregorich},
  journal = {Medical Care},
  year = {2006},
  number = {11},
  pages = {S78},
  volume = {44},
}

@Article{GrovyMeeh96,
  title = {{Comparative efficiency of informal (subjective, impressionistic) and formal (mechanical, algorithmic) prediction procedures: The clinical-statistical controversy}},
  author = {W. M. Grove and P. E. Meehl},
  journal = {Psychology, Public Policy, and Law},
  year = {1996},
  pages = {293--635},
  volume = {2},
  publisher = {American Psychological Associationw},
}

@Article{GrovyZald00,
  title = {Clinical versus mechanical prediction: a meta-analysis},
  author = {W. M. Grove and D. H. Zald and B. S. Lebow and B. E. Snitz and C. Nelson},
  journal = {Psychological Assessment},
  year = {2000},
  number = {1},
  pages = {19},
  volume = {12},
  publisher = {American Psychological Association},
}

@Book{GrubyZeil11,
  title = {evtree: Evolutionary Learning of Globally Optimal Classification and Regression Trees in R},
  author = {T. Grubinger and A. Zeileis and K.-P. Pfeiffer},
  publisher = {Institute of Public Finance, University of Innsbruck},
  year = {2011},
  number = {20},
  series = {Working Papers in Economics and Statistics},
  volume = {2011},
}

@Article{HajjyBell11,
  title = {Mixed Effects Regression Trees for Clustered Data},
  author = {A. Hajjem and F. Bellavance and D. Larocque},
  journal = {Statistics \& Probability Letters},
  year = {2011},
  number = {4},
  pages = {451--459},
  volume = {81},
  publisher = {Elsevier},
}

@Article{Hami60,
  title = {A Rating Scale for Depression},
  author = {M. Hamilton},
  journal = {Journal of Neurology, Neurosurgery and Psychiatry},
  year = {1960},
  number = {1},
  pages = {56},
  volume = {23},
}

@Article{Hand06,
  title = {Classifier technology and the illusion of progress},
  author = {D. J. Hand},
  journal = {Statistical Science},
  year = {2006},
  number = {1},
  pages = {1--14},
  volume = {21},
  publisher = {Institute of Mathematical Statistics},
}

@Article{HannyLamb05,
  title = {A lab test and algorithms for identifying clients at risk for treatment failure},
  author = {C. Hannan and M. J. Lambert and C. Harmon and S. L. Nielsen and D. W. Smart and K. Shimokawa and S. W. Sutton},
  journal = {Journal of Clinical Psychology},
  year = {2005},
  number = {2},
  pages = {155--163},
  volume = {61},
  publisher = {John Wiley \& Sons},
}

@Article{HarriyDEon08,
  title = {Psychometric properties of the {B}eck {D}epression {I}nventory -- second edition ({BDI-II}) in individuals with chronic pain},
  author = {C. A. Harris and J. L. D'Eon},
  journal = {Pain},
  year = {2008},
  number = {3},
  pages = {609-22},
  volume = {137},
}

@Article{HastyTayl07,
  title = {Forward stagewise regression and the monotone lasso},
  author = {T. Hastie and J. Taylor and R. Tibshirani and G. Walther},
  journal = {Electronic Journal of Statistics},
  year = {2007},
  pages = {1--29},
  volume = {1},
  publisher = {Institute of Mathematical Statistics},
}

@Book{HastyTibs09,
  title = {The Elements of Statistical Learning},
  author = {T. Hastie and R. Tibshirani and J. Friedman},
  publisher = {Springer-Verlag},
  year = {2009},
  address = {New York},
  edition = {2nd},
}

@Article{Hatt85,
  title = {Methodology Review: Assessing Unidimensionality of Tests and ltems},
  author = {J. Hattie},
  journal = {Applied Psychological Measurement},
  year = {1985},
  number = {2},
  pages = {139},
  volume = {9},
}

@Article{HaynyBlai95,
  title = {Dynamical models for psychological assessment: Phase space functions.},
  author = {S. N. Haynes and D. Blaine and K. Meyer},
  journal = {Psychological Assessment},
  year = {1995},
  number = {1},
  pages = {17},
  volume = {7},
}

@Article{Heib95a,
  title = {Chaos theory, nonlinear dynamical models, and psychological assessment.},
  author = {E. M. Heiby},
  journal = {Psychological Assessment},
  year = {1995},
  number = {1},
  pages = {5--9},
  volume = {7},
  publisher = {American Psychological Association},
}

@Article{Heib95b,
  title = {Assessment of behavioral chaos with a focus on transitions in depression.},
  author = {E. M. Heiby},
  journal = {Psychological Assessment},
  year = {1995},
  number = {1},
  pages = {10--16},
  volume = {7},
  publisher = {American Psychological Association},
}

@Article{HeibyPaga03,
  title = {Modeling unipolar depression as a chaotic process.},
  author = {E. M. Heiby and I. S. Pagano and D. D. Blaine and K. Nelson and R. A. Heath},
  journal = {Psychological assessment},
  year = {2003},
  number = {3},
  pages = {426},
  volume = {15},
}

@Article{HelmyBowa03,
  title = {Factor structure of the {B}eck {D}epression {I}nventory in a university sample},
  author = {H. W. Helm and M. D. Boward},
  journal = {Psychological Reports},
  year = {2003},
  number = {1},
  pages = {53--61},
  volume = {92},
}

@Article{HembyFoa03,
  title = {Do patients drop out prematurely from exposure therapy for {PTSD}?},
  author = {E. A. Hembree and E. B. Foa and N. M. Dorfan and G. P. Street and J. Kowalski and X. Tu},
  journal = {Journal of Traumatic Stress},
  year = {2003},
  number = {6},
  pages = {555--562},
  volume = {16},
  publisher = {Springer-Verlag},
}

@Article{HerzyBach81,
  title = {Effects of questionnaire length on response quality},
  author = {A. R. Herzog and J. G. Bachman},
  journal = {Public Opinion Quarterly},
  year = {1981},
  number = {4},
  pages = {549--559},
  volume = {45},
  publisher = {AAPOR},
}

@Article{HiggyWhit01,
  title = {Meta-Analysis of Continuous Outcome Data from Individual Patients},
  author = {J. Higgins and A. Whitehead and R. M. Turner and R. Z. Omar and S. G. Thompson},
  journal = {Statistics in Medicine},
  year = {2001},
  number = {15},
  pages = {2219--2241},
  volume = {20},
  publisher = {John Wiley \& Sons},
}

@Article{Holt93,
  title = {Very simple classification rules perform well on most commonly used datasets},
  author = {R. C. Holte},
  journal = {Machine Learning},
  year = {1993},
  number = {1},
  pages = {63--90},
  volume = {11},
  publisher = {Springer-Verlag},
}

@Article{HornyMcAr92,
  title = {A practical and theoretical guide to measurement invariance in aging research},
  author = {J. L. Horn and J. J. McArdle},
  journal = {Experimental Aging Research},
  year = {1992},
  number = {3},
  pages = {117--144},
  volume = {18},
}

@Misc{HothyHorn12,
  title = {\texttt{party}: A Laboratory for Recursive Partytioning (Version 1.0-2)},
  author = {T. Hothorn and K. Hornik and C. Strobl and A. Zeileis},
  year = {2012},
  url = {http://CRAN.R-project.org/package=party},
}

@Article{HothyHorn06,
  title = {Unbiased Recursive Partitioning: A Conditional Inference Framework},
  author = {T. Hothorn and K. Hornik and A. Zeileis},
  journal = {Journal of Computational and Graphical Statistics},
  year = {2006},
  number = {3},
  pages = {651--674},
  volume = {15},
  publisher = {American Statistical Association},
}

@Article{HothyZeil14,
  title = {{partykit}: A Modular Toolkit for Recursive Partytioning in {R}},
  author = {T. Hothorn and A. Zeileis},
  journal = {Journal of Machine Learning Research},
  year = {2015},
  note = {Accepted for publication}
}

@InCollection{Hox98,
  title = {Multilevel Modeling: When and Why},
  author = {J. Hox},
  booktitle = {Classification, Data Analysis, and Data Highways -- {P}roceedings of the 21st {A}nnual {C}onference of the {G}esellschaft f\"ur {K}lassifikation {e.V.}, {U}niversity of {P}otsdam},
  publisher = {Springer-Verlag},
  editor = {Ingo Balderjahn and Rudolf Mathar and Martin Schader},
  address = {Berlin},
  year = {1998},
  pages = {147--154},
}

@Article{HuyBent99,
  title = {Cutoff Criteria for Fit Indexes in Covariance Structure Analysis: {C}onventional Criteria Versus New Alternatives},
  author = {L. Hu and P. M. Bent{\-}ler},
  journal = {Structural Equation Modeling},
  year = {1999},
  number = {1},
  pages = {1--55},
  volume = {6},
}

@Article{HuyBent98,
  title = {Fit Indices in Covariance Structure Modeling: Sensitivity to Underparameterized Model Misspecification},
  author = {L. Hu and P. M. Bentler},
  journal = {Psychological Methods},
  year = {1998},
  number = {4},
  pages = {424--453},
  volume = {3},
}

@Article{HuyBent92,
  title = {Can Test Statistics in Covariance Structure Analysis Be Trusted?},
  author = {L. Hu and P. M. Bentler and Y. Kano},
  journal = {Psychological Bulletin},
  year = {1992},
  number = {2},
  pages = {351--362},
  volume = {112},
}

@InProceedings{InduyWeis01,
  title = {Solving regression problems with rule-based ensemble classifiers},
  author = {N. Indurkhya and S. M. Weiss},
  booktitle = {{Proceedings of the seventh ACM SIGKDD International Conference on Knowledge Discovery and Data Mining}},
  year = {2001},
  organization = {ACM},
  pages = {287--292},
}

@Book{JoreySorb96,
  title = {{LISREL} 8: {U}ser's reference guide},
  author = {K. G. J\"{o}{\-}res{\-}kog and D. S\"{o}r{\-}bom},
  publisher = {Scientific Software International, Inc.},
  year = {1996},
  address = {Chicago, IL},
}

@Book{Jore04,
  title = {On chi-squares for the independence model and fit mearues in {LISREL}},
  author = {K. G. J\"{o}reskog},
  publisher = {Scientific Software International, Inc.},
  year = {2004},
  address = {Chicago, IL},
}

@Article{Jore90,
  title = {New developments in {LISREL}: {A}nalysis of ordinal variables using polychoric correlations and weighted least squares},
  author = {K. G. J\"{o}reskog},
  journal = {Quality \& Quantity},
  year = {1990},
  pages = {387--404},
  volume = {24},
}

@Article{JennyPach13,
  title = {Simple Rules for Detecting Depression},
  author = {M. A. Jenny and T. Pachur and S. L. Williams and E. Becker and J. Margraf},
  journal = {Journal of Applied Research in Memory and Cognition},
  year = {2013},
  number = {3},
  pages = {149--157},
  volume = {2},
}

@Article{JohnyMead09,
  title = {The role of referent indicators in tests of measurement invariance},
  author = {E. C. Johnson and A. W. Meade and A. M. DuVernet},
  journal = {Structural Equation Modeling: A Multidisciplinary Journal},
  year = {2009},
  number = {4},
  pages = {642--657},
  volume = {16},
}

@Article{JoinyWalk05,
  title = {Evidence-based assessment of depression in adults.},
  author = {T. E. Joiner and R. L. Walker and J. W. Pettit and M. Perez and K. C. Cukrowicz},
  journal = {Psychological Assessment},
  year = {2005},
  number = {3},
  pages = {267-277},
  volume = {17},
  publisher = {American Psychological Association},
}

@Article{Kass80,
  title = {An exploratory technique for investigating large quantities of categorical data},
  author = {G. V. Kass},
  journal = {Applied Statistics},
  year = {1980},
  number = {2},
  pages = {119--127},
  volume = {29},
  publisher = {JSTOR},
}

@Article{KatsyPach08,
  title = {{From Meehl to fast and frugal heuristics (and back): New insights into how to bridge the clinical--actuarial divide}},
  author = {K. V. Katsikopoulos and T. Pachur and E. Machery and A. Wallin},
  journal = {Theory \& Psychology},
  year = {2008},
  number = {4},
  pages = {443--464},
  volume = {18},
  publisher = {Sage Publications},
}

@Article{KeoghyReid00,
  title = {Exploring the factor structure of the {M}ood and {A}nxiety {S}ymptom {Q}uestionnaire ({MASQ})},
  author = {E. Keogh and J. Reidy},
  journal = {Journal of Personality Assessment},
  year = {2000},
  number = {1},
  pages = {106--125},
  volume = {74},
  publisher = {Taylor \& Francis},
}

@Article{Kerb03,
  title = {{CART analysis with unit-weighted regression to predict suicidal ideation from Big Five traits}},
  author = {D. S. Kerby},
  journal = {Personality and Individual Differences},
  year = {2003},
  number = {2},
  pages = {249--261},
  volume = {35},
  publisher = {Elsevier},
}

@InBook{KerkyAren04,
  title = {Suicidal Behaviour: Theories and Research Findings},
  author = {A. Kerkhof and E. Arensman},
  chapter = {Repetition of Attempted Suicide},
  editor = {D. De Leo and U. Bille-Brahe and A. Kerkhof and A. Schmidtke},
  pages = {110--124},
  publisher = {Hogrefe \& Huber Publsihers},
  year = {2004},
  address = {Gottingen, Germany},
}

@Article{KessyChiu05,
  title = {Prevalence, Severity, and Comorbidity of 12-Month {DSM-IV} Disorders in the {N}ational {C}omorbidity {S}urvey {R}eplication},
  author = {R. C. Kessler and W. T. Chiu and O. Demler and E. E. Walters},
  journal = {Archives of General Psychiatry},
  year = {2005},
  number = {6},
  pages = {617--627},
  volume = {62},
}

@Article{KessyPetu12,
  title = {Twelve-month and lifetime prevalence and lifetime morbid risk of anxiety and mood disorders in the United States},
  author = {R. C. Kessler and M. Petukhova and N. A. Sampson and A. M. Zaslavsky and H.-U. Wittchen},
  journal = {International Journal of Methods in Psychiatric Research},
  year = {2012},
  number = {3},
  pages = {169--184},
  volume = {21},
  publisher = {John Wiley \& Sons},
}

@Article{KimyCohe07,
  title = {{DIF} detection and effect size measures for polytomously scored items},
  author = {S.-H. Kim and A. S. Cohen and C. Alagoz and S. Kim},
  journal = {Journal of Educational Measurement},
  year = {2007},
  number = {3},
  pages = {93--116},
  volume = {44},
}

@Article{KimyPilk02,
  title = {Differential functioning of the {B}eck {D}epression {I}nventory in late-life patients: use of item response theory},
  author = {Y. Kim and P. A. Pilkonis and E. Frank and M. E. Thase and C. F. Reynolds},
  journal = {Psychol Aging},
  year = {2002},
  number = {3},
  pages = {379--391},
  volume = {17},
}

@Article{Klei90,
  title = {Why we still use our heads instead of formulas: toward an integrative approach},
  author = {B. Kleinmuntz},
  journal = {Psychological Bulletin},
  year = {1990},
  number = {3},
  pages = {296--310},
  volume = {107},
  publisher = {American Psychological Association},
}

@Book{KleryWeis84,
  title = {Interpersonal Psychotherapy of Depression},
  author = {G. L. Klerman and M. M. Weissman and B. J. Rounsaville and E. S. Chevron},
  publisher = {Jason Aronson Inc.},
  year = {1984},
  address = {Northvale, NJ},
}

@InProceedings{Koha95,
  title = {A study of cross-validation and bootstrap for accuracy estimation and model selection},
  author = {R. Kohavi},
  booktitle = {International Joint Conference on Artificial Intelligence},
  year = {1995},
  number = {2},
  pages = {1137--1145},
  volume = {14},
}

@Article{KoopyHeij07,
  title = {A Systematic Review of Analytical Methods Used to Study Subgroups in (Individual Patient Data) Meta-Analyses},
  author = {L. Koopman and G. J. M. G. {Van der Heijden} and P. P. Glasziou and D. E. Grobbee and M. M. Rovers},
  journal = {Journal of Clinical Epidemiology},
  year = {2007},
  number = {10},
  volume = {60},
}

@Article{KreayFran06,
  title = {Moderators of Treatment Outcomes: Clinical, Research, and Policy Importance},
  author = {H. C. Kraemer and E. Frank and D. J. Kupfer},
  journal = {Journal of the American Medical Association},
  year = {2006},
  number = {10},
  pages = {1286--1289},
  volume = {296},
  publisher = {American Medical Association},
}

@Article{KraeyKupf06,
  title = {Size of treatment effects and their importance to clinical research and practice},
  author = {H. C. Kraemer and D. J. Kupfer},
  journal = {Biological Psychiatry},
  year = {2006},
  number = {11},
  pages = {990--996},
  volume = {59},
  publisher = {Elsevier},
}

@Article{KreayWisl02,
  title = {Mediators and moderators of treatment effects in randomized clinical trials},
  author = {H. C. Kraemer and G. T. Wilson and C. G. Fairburn and W. S. Agras},
  journal = {Archives of General Psychiatry},
  year = {2002},
  number = {10},
  pages = {877--883},
  volume = {59},
  publisher = {American Medical Association},
}

@Article{KroeySpit07,
  title = {{Anxiety disorders in primary care: Prevalence, impairment, comorbidity, and detection}},
  author = {K. Kroenke and R. L. Spitzer and J. B. Williams and P. O. Monahan and B. L{\"o}we},
  journal = {Annals of Internal Medicine},
  year = {2007},
  number = {5},
  pages = {317--325},
  volume = {146},
}

@Article{Krue99,
  title = {The structure of common mental disorders},
  author = {R. F. Krueger},
  journal = {Archives of General Psychiatry},
  year = {1999},
  number = {10},
  pages = {921},
  volume = {56},
  publisher = {Am Med Assoc},
}

@Article{LairyWare82,
  title = {Random-effects models for longitudinal data},
  author = {N. M. Laird and J. H. Ware},
  journal = {Biometrics},
  year = {1982},
  pages = {963--974},
  publisher = {JSTOR},
}

@Article{Lambert2001,
  title = {{Patient-focused research: Using patient outcome data to enhance treatment effects}},
  author = {M. J. Lambert and N. B. Hansen and A. E. Finch},
  journal = {Journal of Consulting and Clinical Psychology},
  year = {2001},
  number = {2},
  pages = {159},
  volume = {69},
  publisher = {American Psychological Association},
}

@Article{LambyHans01,
  title = {Patient-focused research: Using patient outcome data to enhance treatment effects.},
  author = {M. J. Lambert and N. B. Hansen and A. E. Finch},
  journal = {Journal of Consulting and Clinical Psychology},
  year = {2001},
  number = {2},
  pages = {159--172},
  volume = {69},
  publisher = {American Psychological Association},
}

@Article{LambyWhip03,
  title = {Is it Time for Clinicians to Routinely Track Patient Outcome? A Meta-Analysis},
  author = {M. J. Lambert and J. L. Whipple and E. J. Hawkins and D. A. Vermeersch and S. L. Nielsen and D. W. Smart},
  journal = {Clinical Psychology: Science and Practice},
  year = {2003},
  number = {3},
  pages = {288--301},
  volume = {10},
  publisher = {John Wiley \& Sons},
}

@Article{LanySimo82,
  title = {Stochastically curtailed tests in long--term clinical trials},
  author = {K. K. G. Lan and R. Simon and M. Halperin},
  journal = {Sequential Analysis},
  year = {1982},
  number = {3},
  pages = {207--219},
  volume = {1},
  publisher = {Taylor \& Francis},
}

@Article{LangyJain08,
  title = {Accurate and interpretable computational modeling of chemical mutagenicity},
  author = {J. J. Langham and A. N. Jain},
  journal = {Journal of Chemical Information and Modeling},
  year = {2008},
  number = {9},
  pages = {1833--1839},
  volume = {48},
  publisher = {ACS Publications},
}

@Article{LargySmit11,
  title = {Systematic review and meta-analysis of the clinical factors associated with the suicide of psychiatric in-patients},
  author = {M. Large and G. Smith and S. Sharma and O. Nielssen and S. P. Singh},
  journal = {Acta Psychiatrica Scandinavica},
  year = {2011},
  number = {1},
  pages = {18--19},
  volume = {124},
  publisher = {John Wiley \& Sons},
}

@Article{LavryKitc02,
  title = {{Medical burden, cerebrovascular disease, and cognitive impairment in geriatric depression: Modeling the relationships with the CART analysis}},
  author = {H. Lavretsky and C. Kitchen and J. Mintz and M. D. Kim and L. Estanol and A. Kumar},
  journal = {CNS spectrums},
  year = {2002},
  pages = {716--732},
  volume = {7},
  publisher = {MBL COMMUNICATIONS},
}

@Misc{LethyRudi12,
  title = {{Building interpretable classifiers with rules using Bayesian analysis}},
  author = {B. Letham and C. Rudin and T. H. McCormick and D. Madigan},
  year = {2012},
  publisher = {Technical report no. 609, Department of Statistics, University of Washington},
}

@Article{LipkyDmit11,
  title = {Subgroup Identification Based on Differential Effect Search -- {A} Recursive Partitioning Method for Establishing Response to Treatment in Patient Subpopulations},
  author = {I. Lipkovich and A. Dmitrienko and J. Denne and G. Enas},
  journal = {Statistics in Medicine},
  year = {2011},
  number = {21},
  pages = {2601--2621},
  volume = {30},
  publisher = {John Wiley \& Sons},
}

@Article{LoukyHayn89,
  title = {Replicated factor structure of the {B}eck {D}epression {I}nventory},
  author = {J. Louks and C. Hayne and J. Smith},
  journal = {Journal of Nervous and Mental Disease},
  year = {1989},
  number = {9},
  pages = {473--479},
  volume = {177},
}

@Article{LuanyScho11,
  title = {{A signal-detection analysis of fast-and-frugal trees}},
  author = {S. Luan and L. J. Schooler and G. Gigerenzer},
  journal = {Psychological Review},
  year = {2011},
  number = {2},
  pages = {316},
  volume = {118},
  publisher = {American Psychological Association},
}

@Article{LykeyNest94,
  title = {{The Life Chart Interview: a standardized method to describe the course of psychopathology}},
  author = {C. Lyketsos and G. Nestadt and J. Cwi and K. Heithoff and W. Eaton},
  journal = {International Journal of Methods in Psychiatric Research},
  year = {1994},
  number = {3},
  pages = {143--155},
  volume = {4},
}

@Article{MacCyRozn92,
  title = {Model Modifications in Covariance Structure Analysis: The Problem of Capitalization on Chance},
  author = {R. C. MacCallum and M. Roz{\-}now{\-}ski and L. B. Necowitz},
  journal = {Psychological Bulletin},
  year = {1992},
  number = {3},
  pages = {490--504},
  volume = {111},
}

@Article{MacCyZhan02,
  title = {On the practice of dichotomization of quantitative variables},
  author = {R. C. MacCallum and S. Zhang and K. J. Preacher and D. D. Rucker},
  journal = {Psychological Methods},
  year = {2002},
  number = {1},
  pages = {19--40},
  volume = {7},
  publisher = {American Psychological Association},
}

@Article{MarkyMath79,
  title = {Brief standard self-rating for phobic patients},
  author = {I. M. Marks and A. M. Mathews},
  journal = {Behaviour Research and Therapy},
  year = {1979},
  number = {3},
  pages = {263--267},
  volume = {17},
  publisher = {Elsevier},
}

@Article{MarsyHau04,
  title = {In search of golden rules: Comment on hypothesis-testing approaches to setting cutoff values for fit indexes and dangers in overgeneralizing {H}u and {B}entler's (1999) findings},
  author = {H. W. Marsh and K. T. Hau and Z. Wen},
  journal = {Structural Equation Modeling},
  year = {2004},
  number = {3},
  pages = {320--341},
  volume = {11},
  publisher = {Taylor \& Francis},
}

@Article{MarsyHoce85,
  title = {Application of confirmatory factor analysis to the study of self-concept: First-and higher order factor models and their invariance across groups.},
  author = {H. W. Marsh and D. Hocevar},
  journal = {Psychological Bulletin},
  year = {1985},
  number = {3},
  pages = {562},
  volume = {97},
  issn = {1939-1455},
  publisher = {American Psychological Association},
}

@Article{Mars01,
  title = {The use of classification and regression trees in clinical epidemiology},
  author = {R. J. Marshall},
  journal = {Journal of Clinical Epidemiology},
  year = {2001},
  number = {6},
  pages = {603--609},
  volume = {54},
  publisher = {Elsevier},
}

@Article{Mars95,
  title = {A program to implement a search method for identification of clinical subgroups},
  author = {R. J. Marshall},
  journal = {Statistics in Medicine},
  year = {1995},
  number = {24},
  pages = {2645--2659},
  volume = {14},
  publisher = {John Wiley \& Sons},
}

@Article{MartyKats08,
  title = {{Categorization with limited resources: A family of simple heuristics}},
  author = {L. Martignon and K. V. Katsikopoulos and J. K. Woike},
  journal = {Journal of Mathematical Psychology},
  year = {2008},
  number = {6},
  pages = {352--361},
  volume = {52},
  publisher = {Elsevier},
}

@InBook{MartyVito03,
  title = {{Thinking: Psychological perspective on reasoning, judgment, and decision making}},
  author = {L. Martignon and O. Vitouch and M. Takezawa and M. R. Forster},
  chapter = {{Naive and yet enlightened: From natural frequencies to fast and frugal decision trees}},
  editor = {D. Hardman and L. Macchi},
  pages = {189--211},
  publisher = {John Wiley \& Sons},
  year = {2003},
  address = {West Sussex, England},
}

@Article{McAryJohn01,
  title = {Structural Equation Modeling of Group Differences in {CES-D} Ratings of Native {H}awaiian and Non-{H}awaiian High School Students},
  author = {J. J. McArdle and R. C. Johnson and E. S. Hishinuma and R. H. Miyamoto and N. N. Andrade},
  journal = {Journal of Adolescent Research},
  year = {2001},
  number = {2},
  pages = {108--149},
  volume = {16},
}

@Book{McDo99,
  title = {Test theory: A unified treatment},
  author = {R. P. McDonald},
  publisher = {Erlbaum Associates},
  year = {1999},
  address = {Mahwah, N.J.},
}

@Article{McFa81,
  title = {Effects of question order on survey responses},
  author = {S. G. McFarland},
  journal = {Public Opinion Quarterly},
  year = {1981},
  number = {2},
  pages = {208--215},
  volume = {45},
  publisher = {AAPOR},
}

@Article{MeadyJohn08,
  title = {Power and sensitivity of alternative fit indices in tests of measurement invariance.},
  author = {A. W. Meade and E. C. Johnson and P. W. Braddy},
  journal = {Journal of Applied Psychology},
  year = {2008},
  number = {3},
  pages = {568},
  volume = {93},
  issn = {1939-1854},
  publisher = {American Psychological Association},
}

@Article{MeasyLaut04,
  title = {A Monte-Carlo Study of Confirmatory Factor Analytic Tests of Measurement Equivalence/Invariance},
  author = {A. W. Meade and G. J. Lautenschlager},
  journal = {Structural Equation Modeling: A Multidisciplinary Journal},
  year = {2004},
  number = {1},
  pages = {60--72},
  volume = {11},
}

@Article{MedsyWill94,
  title = {A Review of Current Practices for Evaluating Causal Models in Organizational Behavior and Human Resources Management Research},
  author = {G. J. Medsker and L. J. Williams and P. J. Holahan},
  journal = {Journal of Management},
  year = {1994},
  number = {2},
  pages = {439--464},
  volume = {20},
}

@Article{Meeh86,
  title = {Causes and effects of my disturbing little book},
  author = {P. E. Meehl},
  journal = {Journal of Personality Assessment},
  year = {1986},
  number = {3},
  pages = {370--375},
  volume = {50},
  publisher = {Taylor \& Francis},
}

@Book{Meeh54,
  title = {{Clinical vs. statistical prediction: A theoretical analysis and a review of the evidence}},
  author = {P. E. Meehl},
  publisher = {University of Minnesota Press},
  year = {1954},
  address = {Minneapolis},
}

@Article{Mell89,
  title = {Item bias and item response theory},
  author = {G. J. Mellenbergh},
  journal = {International Journal of Educational Research},
  year = {1989},
  pages = {127--143},
  volume = {13},
}

@Article{Mere93,
  title = {Measurement invariance, factor analysis and factorial invariance},
  author = {W. Meredith},
  journal = {Psychometrika},
  year = {1993},
  number = {4},
  pages = {525--543},
  volume = {58},
}

@Article{MereyMill92,
  title = {On the misuse of manifest variables in the measurement bias},
  author = {W. Meredith and R. E. Millsap},
  journal = {Psychometrika},
  year = {1992},
  number = {2},
  pages = {289--311},
  volume = {57},
}

@Book{MichySpie94,
  title = {Machine Learning, Neural and Statistical Classification},
  author = {D. Michie and D. Spiegelhalter and C. Taylor},
  publisher = {Ellis Horwood},
  year = {1994},
  address = {London, United Kingdom},
}

@Book{Mill11,
  title = {Statistical Approaches to Measurement Invariance},
  author = {R. E. Millsap},
  publisher = {Routledge},
  year = {2011},
  address = {New York, NY},
}

@Article{Mill07,
  title = {Invariance in measurement and prediction revisited},
  author = {R. E. Millsap},
  journal = {Psychometrika},
  year = {2007},
  number = {4},
  pages = {461--473},
  volume = {72},
  publisher = {Springer-Verlag},
}

@Article{MillsyHart88,
  title = {Alpha, beta, and gamma change in evaluation research: {A} structural equation approach},
  author = {R. E. Millsap and S. B. Hartog},
  journal = {Journal of Applied Psychology},
  year = {1988},
  number = {3},
  pages = {57--584},
  volume = {73},
}

@Article{MillyMere92,
  title = {Inferential Conditions in the Statistical Detection of Measurement Bias},
  author = {R. E. Millsap and W. Meredith},
  journal = {Applied Psychological Measurement},
  year = {1992},
  pages = {389--402},
  volume = {16},
}

@Article{MitcyCoyn07,
  title = {Do ultra-short screening instruments accurately detect depression in primary care? {A} pooled analysis and meta-analysis of 22 studies},
  author = {A. J. Mitchell and J. C. Coyne},
  journal = {The British Journal of General Practice},
  year = {2007},
  number = {535},
  pages = {144},
  volume = {57},
  publisher = {Royal College of General Practitioners},
}

@Article{MontyAsbe79,
  title = {A new depression scale designed to be sensitive to change},
  author = {S. A. Montgomery and M. {\AA}sberg},
  journal = {British Journal of Psychiatry},
  year = {1979},
  pages = {382--389},
  volume = {134},
}

@Article{MorgySonq63,
  title = {Problems in the analysis of survey data, and a proposal},
  author = {J. N. Morgan and J. A. Sonquist},
  journal = {Journal of the American Statistical Association},
  year = {1963},
  number = {302},
  pages = {415--434},
  volume = {58},
  publisher = {Taylor \& Francis},
}

@Article{MotlyDish05,
  title = {Longitudinal Invariance of the {C}enter for {E}pidemiologic {S}tudies-{D}epression {S}cale among Girls and Boys in Middle School},
  author = {R. W. Motl and R. K. Dishman and A. S. Birnbaum and L. A. Lytle},
  journal = {Educational and {P}sychological {M}easurement},
  year = {2005},
  number = {1},
  pages = {90--108},
  volume = {65},
}

@Article{NoltyElsw09,
  title = {Tests of measurement invariance failed to support the application of the {"}then-test{"}},
  author = {S. Nolte and G. R. Elsworth and A. J. Sinclair and R. H. Osborne},
  journal = {J Clin Epidemiol},
  year = {2009},
  number = {11},
  pages = {1173--1180},
  volume = {62},
}

@Article{NormyPark96,
  title = {The interpretation of change in verbal reports: Implications for health psychology},
  author = {P. Norman and S. Parker},
  journal = {Psychology \& Health},
  year = {1996},
  number = {2},
  pages = {301--314},
  volume = {11},
}

@Article{NortyPric07,
  title = {A meta-analytic review of adult cognitive-behavioral treatment outcome across the anxiety disorders},
  author = {P. J. Norton and E. C. Price},
  journal = {The Journal of Nervous and Mental Disease},
  year = {2007},
  number = {6},
  pages = {521--531},
  volume = {195},
  publisher = {LWW},
}

@Article{NuevyDunn09,
  title = {Cross-cultural equivalence of the {B}eck {D}epression {I}nventory: a five-country analysis from the {ODIN} study},
  author = {R. Nuevo and G. Dunn and C. Dowrick and J. L. Vazquez-Barquero and P. Casey and O. S. Dalgard and V. Lehtinen and J. L. Ayuso-Mateos},
  journal = {J Affect Disord},
  year = {2009},
  pages = {156--162},
  volume = {114},
}

@Article{OlssyMykl05,
  title = {{The Hospital Anxiety and Depression Rating Scale: A cross-sectional study of psychometrics and case finding abilities in general practice}},
  author = {I. Olss{\o}n and A. Mykletun and A. Dahl},
  journal = {BMC Psychiatry},
  year = {2005},
  number = {1},
  pages = {46},
  volume = {5},
  publisher = {BioMed Central Ltd},
}

@Article{Oort05,
  title = {Using structural equation modeling to detect response shifts and true change},
  author = {F. J. Oort},
  journal = {Quality of Life Research},
  year = {2005},
  pages = {587--598},
  volume = {14},
}

@Article{Oort01,
  title = {Three-mode models for multivariate longitudinal data},
  author = {F. J. Oort},
  journal = {British Journal of Mathematical and Statistical Psychology},
  year = {2001},
  pages = {49--78},
  volume = {54},
}

@Article{OpityMacl99,
  title = {{Popular Ensemble Methods: An Empirical Study}},
  author = {D. Opitz and R. Maclin},
  journal = {Journal of Artificial Intelligence Research},
  year = {1999},
  pages = {169--198},
  volume = {11},
}

@Book{ParsySpra02,
  title = {Practical considerations in computer-based testing},
  author = {C. G. Parshall and J. A. Spray and J. C. Kalohn and T. Davey},
  publisher = {Springer-Verlag},
  year = {2002},
  address = {New York, NY},
}

@Article{PennyBeek08,
  title = {{The Netherlands Study of Depression and Anxiety (NESDA): rationale, objectives and methods}},
  author = {B. W. J. H. Penninx and A. T. F. Beekman and J. H. Smit and F. G. Zitman and W. A. Nolen and P. Spinhoven and P. Cuijpers and P. J. De Jong and H. W. J. {Van Marwijk} and W. J. J. Assendelft and K. {Van Der Meer} and P. Verhaak and M. Wensing and R. De Graaf and W. J. Hoogendijk and J. Ormel and R. {Van Dyck}},
  journal = {International Journal of Methods in Psychiatric Research},
  year = {2008},
  number = {3},
  pages = {121--140},
  volume = {17},
  publisher = {John Wiley \& Sons},
}

@Article{PennyNole11,
  title = {{Two-year course of depressive and anxiety disorders: Results from the Netherlands Study of Depression and Anxiety (NESDA)}},
  author = {B. W. J. H. Penninx and W. A. Nolen and F. Lamers and F. G. Zitman and J. H. Smit and P. Spinhoven and P. Cuijpers and P. J. De Jong and H. W. J. {Van Marwijk} and K. {Van Der Meer} and P. Verhaak and M. G. H. Laurant and R. De Graaf and W. J. Hoogendijk and N. {Van Der Wee} and J. Ormel and R. {Van Dyck} and A. T. F. Beekman},
  journal = {Journal of Affective Disorders},
  year = {2011},
  number = {1},
  pages = {76--85},
  volume = {133},
  publisher = {Elsevier},
}

@Article{PentyChou94,
  title = {Measurement invariance in longitudinal clinical research assuming change from development and intervention},
  author = {M. A. Pentz and C. P. Chou},
  journal = {Journal of Consulting and Clinical Psychology},
  year = {1994},
  number = {3},
  pages = {450--462},
  volume = {62},
}

@Article{PerkySchi06,
  title = {The inconsistency of ``optimal'' cutpoints obtained using two criteria based on the receiver operating characteristic curve},
  author = {N. J. Perkins and E. F. Schisterman},
  journal = {American Journal of Epidemiology},
  year = {2006},
  number = {7},
  pages = {670--675},
  volume = {163},
  publisher = {Oxford Univ Press},
}

@Article{PeteyGroe06,
  title = {{Multidimensional computerized adaptive testing of the EORTC QLQ-C30: Basic developments and evaluations}},
  author = {M. A. Petersen and M. Groenvold and N. Aaronson and P. Fayers and M. Sprangers and J. B. Bjorner},
  journal = {Quality of Life Research},
  year = {2006},
  number = {3},
  pages = {315--329},
  volume = {15},
  publisher = {Springer-Verlag},
}

@Book{PinhyBate00,
  title = {{Mixed-effects models in S and S-PLUS}},
  author = {J. C. Pinheiro and D. M. Bates},
  publisher = {Springe-Verlag},
  year = {2000},
  address = {Berlin, Germany},
}

@Article{PresyWils78,
  title = {Choosing between logistic regression and discriminant analysis},
  author = {S. J. Press and S. Wilson},
  journal = {Journal of the American Statistical Association},
  year = {1978},
  number = {364},
  pages = {699--705},
  volume = {73},
  publisher = {Taylor \& Francis},
}

@Book{Quin93,
  title = {{C4.5: Programs for machine learning}},
  author = {J. R. Quinlan},
  publisher = {Morgan Kaurfmann},
  year = {1993},
  address = {San Mateo, CA},
  journal = {Morgan Kaufmann Publishers},
}

@InProceedings{Quin92,
  title = {Learning with continuous classes},
  author = {J. R. Quinlan},
  booktitle = {Proceedings of the 5th Australian joint Conference on Artificial Intelligence},
  year = {1992},
  organization = {Singapore},
  pages = {343--348},
  volume = {92},
}

@InProceedings{Quin87a,
  title = {Generating production rules from decision trees},
  author = {J. R. Quinlan},
  booktitle = {Proceedings of the Tenth International Joint Conference on Artificial Intelligence},
  year = {1987},
  pages = {304--307},
  volume = {1},
}

@Article{Quin87b,
  title = {Simplifying decision trees},
  author = {J. R. Quinlan},
  journal = {International Journal of Man-Machine Studies},
  year = {1987},
  number = {3},
  pages = {221--234},
  volume = {27},
  publisher = {Elsevier},
}

@Manual{R14,
  title = {{R}: A Language and Environment for Statistical Computing},
  address = {Vienna, Austria},
  author = {{R Core Team}},
  organization = {R Foundation for Statistical Computing},
  year = {2015},
  url = {http://www.R-project.org/},
}

@Manual{R13,
  title = {R: A Language and Environment for Statistical Computing},
  address = {Vienna, Austria},
  author = {{R Core Team}},
  organization = {R Foundation for Statistical Computing},
  year = {2013},
  url = {http://www.R-project.org/},
}

@Manual{R10,
  title = {R: A Language and Environment for Statistical Computing},
  address = {Vienna, Austria},
  author = {{R Development Core Team}},
  organization = {R Foundation for Statistical Computing},
  year = {2010},
  url = {http://www.R-project.org},
}

@Article{Radl77,
  title = {The {CES-D} scale: {A} self-report depression scale for research in the general population},
  author = {L. S. Radloff},
  journal = {Applied Psychological Measurement},
  year = {1977},
  number = {3},
  pages = {385--401},
  volume = {1},
  publisher = {Sage Publications},
}

@Article{ReilyBowd06,
  title = {Equality of the psychological model underlying depressive symptoms in patients with temporal lobe epilepsy versus heterogeneous neurological disorders},
  author = {R. E. Reilly and S. C. Bowden and F. J. Bardenhagen and M. J. Cook},
  journal = {J Clin Exp Neuropsychol},
  year = {2006},
  number = {7},
  pages = {1257--1271},
  volume = {28},
}

@Article{ReisyWida93,
  title = {Confirmatory factor analysis and item response theory: Two approaches for exploring measurement invariance.},
  author = {S. P. Reise and K. F. Widaman and R. H. Pugh},
  journal = {Psychological Bulletin},
  year = {1993},
  number = {3},
  pages = {552--566},
  volume = {114},
}

@Article{ReveyZinb09,
  title = {{Coefficients alpha, beta, omega, and the GLB: Comments on Sijtsma}},
  author = {W. Revelle and R. E. Zinbarg},
  journal = {Psychometrika},
  year = {2009},
  number = {1},
  pages = {145--154},
  volume = {74},
}

@Article{RhemyBros10,
  title = {When Can Categorical Variables Be Treated as Continuous? A Comparison of Robust Continuous and Categorical {SEM} Estimation Methods Under Suboptimal Conditions},
  author = {M. Rhemtulla and P. Brosseau-Liard and V. Savalei},
  journal = {Psychological Methods},
  year = {2012},
  number = {3},
  pages = {354--373},
  volume = {17},
}

@Misc{RileyFunk11,
  title = {The Use of Decision Trees for Adaptive Item Selection and Score Estimation},
  author = {B. B. Riley and R. Funk and M. L. Dennis and R. D. Lennox and M. D. Finkelman},
  note = {Annual {C}onference of the {I}nternational {A}ssociation for {C}omputerized {A}daptive {T}esting},
  year = {2011},
}

@Article{Rizo06,
  title = {{ltm: An R package for latent variable modeling and item response theory analyses}},
  author = {D. Rizopoulos},
  journal = {Journal of Statistical Software},
  year = {2006},
  number = {5},
  pages = {1--25},
  volume = {17},
}

@Article{RostyBurn93,
  title = {Development of screeners for depressive disorders and substance disorder history},
  author = {K. Rost and M. A. Burnam and G. R. Smith},
  journal = {Medical Care},
  year = {1993},
  number = {3},
  pages = {189--200},
  volume = {31},
  publisher = {JSTOR},
}

@Article{RoysyAltm06,
  title = {Dichotomizing continuous predictors in multiple regression: a bad idea},
  author = {P. Royston and D. G. Altman and W. Sauerbrei},
  journal = {Statistics in Medicine},
  year = {2006},
  number = {1},
  pages = {127--141},
  volume = {25},
  publisher = {John Wiley \& Sons},
}

@Article{RuscyRusc02,
  title = {The latent structure of analogue depression: Should the Beck Depression Inventory be used to classify groups?},
  author = {A. M. Ruscio and J. Ruscio},
  journal = {Psychological Assessment},
  year = {2002},
  number = {2},
  pages = {135--145},
  volume = {14},
}

@Article{RuscyRusc00,
  title = {Informing the continuity controversy: A taxometric analysis of depression.},
  author = {J. Ruscio and A. M. Ruscio},
  journal = {Journal of Abnormal Psychology},
  year = {2000},
  number = {3},
  pages = {473},
  volume = {109},
}

@Article{RushyGull96,
  title = {{The inventory of depressive symptomatology (IDS): psychometric properties}},
  author = {A. J. Rush and C. M. Gullion and M. R. Basco and R. B. Jarrett and M. H. Trivedi},
  journal = {Psychological Medicine},
  year = {1996},
  number = {3},
  pages = {477--486},
  volume = {26},
  publisher = {Cambridge Univ Press},
}

@TechReport{Same79,
  title = {A New Family of Models for the Multiple-Choice Item (Research Report No. 79-4)},
  author = {F. Samejima},
  institution = {Knoxville: University of Tennessee, Department of Psychology},
  year = {1979},
}

@Article{SantyRams94,
  title = {Nonparametric item analyses of the Beck Depression Inventory: Evaluating gender item bias and response option weights.},
  author = {D. A. Santor and JO Ramsay and D. C. Zuroff},
  journal = {Psychological Assessment},
  year = {1994},
  number = {3},
  pages = {255--270},
  volume = {6},
  publisher = {American Psychological Association},
}

@Article{SatoySari85,
  title = {The power of the likelihood ratio test in covariance structure analysis},
  author = {A. Satorra and W. E. Saris},
  journal = {Psychometrika},
  year = {1985},
  pages = {83--90},
  volume = {50},
}

@Misc{Scha02,
  title = {norm: Analysis of multivariate normal datasets with missing values (Version 1.0-9.2)},
  author = {J. L. Schafer},
  year = {2002},
  url = {http://CRAN.R-project.org/package=norm},
}

@Book{Scha97,
  title = {Analysis of Incomplete Multivariate Data},
  author = {J. L. Schafer},
  publisher = {Chapman \& Hall},
  year = {1997},
  address = {London},
}

@InBook{Scha03,
  title = {Nonlinear Estimation and Classification},
  author = {R. E. Schapire},
  chapter = {The Boosting Approach to Machine Learning: An Overview},
  editor = {D. D. Denison and M. H. Hansen and C. C. Holmes and B. Mallick and B. Yu},
  pages = {149--171},
  publisher = {Springer-Verlag},
  year = {2003},
  address = {New York},
  series = {Lecture Notes in Statistics},
}

@Article{Shap90,
  title = {The strength of weak learnability},
  author = {R. E. Schapire},
  journal = {Machine Learning},
  year = {1990},
  number = {2},
  pages = {197--227},
  volume = {5},
}

@Article{SchayGree89,
  title = {Confirmatory factor analytic procedures for assessing change during organizational entry},
  author = {J. Schaubroeck and S. G. Green},
  journal = {Journal of Applied Psychology},
  year = {1989},
  number = {6},
  pages = {892--900},
  volume = {74},
}

@Article{ScheyMoos03,
  title = {Evaluating the fit of structural equation models: Tests of significance and goodness-of-fit measures},
  author = {K. Schermelleh-Engel and H. Moosbrugger and H. M\"{u}ller},
  journal = {Methods of Psychological Research Online},
  year = {2003},
  number = {2},
  pages = {23--74},
  volume = {8},
}

@Article{Schm82,
  title = {The use of analysis of covariance structures to assess beta and gamma change},
  author = {N. Schmitt},
  journal = {Mulitivariate Behav Res},
  year = {1982},
  number = {3},
  pages = {343--358},
  volume = {17},
}

@Article{SchmyPula84,
  title = {Comparison of three techniques to assess group-level beta and gamma change},
  author = {N. Schmitt and E. D. Pulakos and A. Lieblein},
  journal = {Applied Psychological Measurement},
  year = {1984},
  pages = {249--260},
  volume = {8},
}

@Article{SchoyMaes97,
  title = {Construct validity of the {B}eck {D}epression {I}nventory in a depressive population},
  author = {C. K. W. Schotte and M. Maes and R. Cluydts and D. De Doncker and P. Cosyns},
  journal = {Journal of Affective Disorders},
  year = {1997},
  number = {2},
  pages = {115--125},
  volume = {46},
}

@Article{Scot88,
  title = {Chronic depression.},
  author = {J. Scott},
  journal = {The British Journal of Psychiatry},
  year = {1988},
  number = {3},
  pages = {287--297},
  volume = {153},
  publisher = {RCP},
}

@Article{Scott1988,
  title = {Chronic depression.},
  author = {J. Scott},
  journal = {The British Journal of Psychiatry},
  year = {1988},
  number = {3},
  pages = {287--297},
  volume = {153},
  publisher = {RCP},
}

@Article{SelaySimo12,
  title = {{RE-EM} Trees: A Data Mining Approach for Longitudinal and Clustered Data},
  author = {R. J. Sela and J. S. Simonoff},
  journal = {Machine Learning},
  year = {2012},
  number = {2},
  pages = {169--207},
  volume = {86},
  publisher = {Springer-Verlag},
}

@Misc{SelaySimo11,
  title = {{REEMtree}: Regression Trees with Random Effects},
  author = {R. J. Sela and J. S. Simonoff},
  year = {2011},
  url = {http://CRAN.R-project.org/package=REEMtree},
  version = {R package version 0.90.3},
}

@Article{Shaf06,
  title = {Meta-analysis of the factor structures of four depression questionnaires: {B}eck, {CES-D}, {H}amilton, and {Z}ung},
  author = {A. B. Shafer},
  journal = {Journal of Clinical Psychology},
  year = {2006},
  number = {1},
  pages = {123--146},
  volume = {62},
}

@Article{SheeyLecr97,
  title = {The validity of the {M}ini {I}nternational {N}europsychiatric {I}nterview ({MINI}) according to the {SCID-P} and its reliability},
  author = {D. V. Sheehan and Y. Lecrubier and K. Harnett Sheehan and J. Janavs and E. Weiller and A. Keskiner and J. Schinka and E. Knapp and M. F. Sheehan and G. C. Dunbar},
  journal = {European Psychiatry},
  year = {1997},
  number = {5},
  pages = {232--241},
  volume = {12},
  publisher = {Elsevier},
}

@Article{SheeyLecr98,
  title = {The {M}ini-{I}nternational {N}europsychiatric {I}nterview ({MINI}): The development and validation of a structured diagnostic psychiatric interview for {DSM-IV} and {ICD-10}},
  author = {D. V. Sheehan and Y. Lecrubier and K. H. Sheehan and P. Amorim and J. Janavs and E. Weiller and T. Hergueta and R. Baker and G. C. Dunbar},
  journal = {Journal of Clinical Psychiatry},
  year = {1998},
  pages = {22--33},
  volume = {59},
}

@Article{Shmu10,
  title = {To explain or to predict?},
  author = {G. Shmueli},
  journal = {Statistical Science},
  year = {2010},
  number = {3},
  pages = {289--310},
  volume = {25},
  publisher = {JSTOR},
}

@Article{Sijt09,
  title = {On the use, the misuse, and the very limited usefulness of {C}ronbach's alpha},
  author = {K. Sijtsma},
  journal = {Psychometrika},
  year = {2009},
  number = {1},
  pages = {107--120},
  volume = {74},
}

@Article{Simm06,
  title = {The future of depression measurement research},
  author = {L. J. Simms},
  journal = {Measurement: Interdisciplinary Research and Perspectives},
  year = {2006},
  pages = {169--174},
  volume = {4},
}

@Article{Simp51,
  title = {The Interpretation of Interaction in Contingency Tables},
  author = {E. H. Simpson},
  journal = {Journal of the Royal Statistical Society B},
  year = {1951},
  pages = {238--241},
  volume = {13},
  numer = {2},
  publisher = {JSTOR},
}

@Article{SingySand05,
  title = {{ROCR}: Visualizing Classifier Performance in {R}},
  author = {T. Sing and O. Sander and N. Beerenwinkel and T Lengauer},
  journal = {Bioinformatics},
  year = {2005},
  number = {20},
  pages = {3940--3941},
  volume = {21},
}

@Article{SmityMcCa00,
  title = {On the sins of short-form development.},
  author = {G. T. Smith and D. M. McCarthy and K. G. Anderson},
  journal = {Psychological Assessment},
  year = {2000},
  number = {1},
  pages = {102--111},
  volume = {12},
  publisher = {American Psychological Association},
}

@Article{SmityGilh06,
  title = {{Regression versus fast and frugal models of decision-making: The case of prescribing for depression}},
  author = {L. Smith and K. Gilhooly},
  journal = {Applied Cognitive Psychology},
  year = {2006},
  number = {2},
  pages = {265--274},
  volume = {20},
  publisher = {John Wiley \& Sons},
}

@Article{SmityCuij11,
  title = {{Applying computerized adaptive testing to the CES-D scale: A simulation study}},
  author = {N. Smits and P. Cuijpers and A. {van Straten}},
  journal = {Psychiatry Research},
  year = {2011},
  number = {1},
  pages = {147--155},
  volume = {188},
  publisher = {Elsevier},
}

@Article{SmityFink13,
  title = {{A comparison of computerized classification testing and computerized adaptive testing in clinical psychology}},
  author = {N. Smits and M. D. Finkelman},
  journal = {Journal of Computerized Adaptive Testing},
  year = {2013},
  pages = {19--37},
  volume = {1},
}

@Article{SmityZitm12,
  title = {A proof of principle for using adaptive testing in {R}outine {O}utcome {M}onitoring: The efficiency of the {M}ood and {A}nxiety {S}ymptoms {Q}uestionnaire - {A}nhedonic {D}epression {CAT}},
  author = {N. Smits and F. G. Zitman and P. Cuijpers and M. E. Den Hollander-Gijsman and I. V. E. Carlier},
  journal = {BMC Medical Research Methodology},
  year = {2012},
  pages = {2},
  volume = {12},
}

@Article{Spea04,
  title = {{"}General Intelligence,{"} Objectively Determined and Measured},
  author = {C. Spearman},
  journal = {The American Journal of Psychology},
  year = {1904},
  number = {2},
  pages = {201--292},
  volume = {15},
}

@Article{SpekyCuij07,
  title = {Internet-based cognitive behaviour therapy for symptoms of depression and anxiety: A meta-analysis},
  author = {V. Spek and P. Cuijpers and I. Nykl\'i\v{c}ek and H. Riper and J. Keyzer and V. Pop},
  journal = {Psychological Medicine},
  year = {2007},
  number = {3},
  pages = {319--328},
  volume = {37},
  publisher = {Cambridge Univ Press},
}

@InBook{Speng12,
  title = {Handbook of Psychology: Assessment Psychology},
  author = {P. M. Spengler},
  chapter = {Clinical Versus Mechanical Prediction},
  editor = {I. B. Weiner and J. R. Graham and J. A. Naglieri},
  pages = {26--49},
  publisher = {John Wiley \& Sons},
  year = {2012},
  address = {Hoboken, NJ},
  edition = {2nd},
}

@Article{Spit78,
  title = {Research diagnostic criteria: rationale and reliability},
  author = {R. L. Spitzer and J. Endicott and E. Robins},
  journal = {Archives of General Psychiatry},
  year = {1978},
  number = {6},
  pages = {773},
  volume = {35},
}

@Article{SpityKroe06,
  title = {{A brief measure for assessing generalized anxiety disorder: The GAD-7}},
  author = {R. L. Spitzer and K. Kroenke and J. B. W. Williams and B. Lowe},
  journal = {Archives of Internal Medicine},
  year = {2006},
  number = {10},
  pages = {1092},
  volume = {166},
  publisher = {Am Med Assoc},
}

@Article{SteaySilv00,
  title = {A classification tree approach to the development of actuarial violence risk assessment tools},
  author = {H. J. Steadman and E. Silver and J. Monahan and P. Appelbaum and P. C. Robbins and E. P. Mulvey and T. Grisso and L. H. Roth and S. Banks},
  journal = {Law and Human Behavior},
  year = {2000},
  number = {1},
  pages = {83--100},
  volume = {24},
  publisher = {Springer-Verlag},
}

@Article{SteeyBaum98,
  title = {Assessing Measurement Invariance in Cross-National Consumer Research},
  author = {J.-B. E. M. Steenkamp and H. Baumgartner},
  journal = {The Journal of Consumer Research},
  year = {1998},
  number = {1},
  pages = {78--90},
  volume = {25},
}

@Article{SteeyBeck87,
  title = {Relationships between the {B}eck {D}epression {I}nventory and the {H}amilton {P}sychiatric {R}ating {S}cale for depression in depressed outpatients},
  author = {R. A. Steer and A. T. Beck and J. H. Riskind and G. Brown},
  journal = {Journal of psychopathology and behavioral assessment},
  year = {1987},
  number = {3},
  volume = {9},
}

@Article{SteeyIguc92,
  title = {Use of the {R}evised {B}eck {D}epression {I}nventory with intravenous drug users not in treatment},
  author = {R. A. Steer and M. Y. Iguchi and J. J. Platt},
  journal = {Psychology of Addictive Behaviors},
  year = {1992},
  number = {4},
  volume = {6},
}

@Misc{SteiyLind80,
  title = {Statistically based tests for the number of common factors},
  author = {J. H. Steiger and J. C. Lind},
  year = {1980},
  address = {Annual Meeting of the Psychometric Society, Iowa City, IO},
}

@Article{SteiyShap85,
  title = {On the multivariate asymptotic distribution of sequential Chi-square statistics},
  author = {J. H. Steiger and A. Browne and M. W. Shapiro},
  journal = {Psychometrika},
  year = {1985},
  number = {3},
  pages = {253--263},
  volume = {50},
}

@Article{Ston74,
  title = {Cross-validatory choice and assessment of statistical predictions},
  author = {M. Stone},
  journal = {Journal of the Royal Statistical Society. Series B (Methodological)},
  year = {1974},
  pages = {111--147},
  volume = {36},
  issue = {2},
  publisher = {JSTOR},
}

@Article{StroyMalley09,
  title = {An introduction to recursive partitioning: {R}ationale, application, and characteristics of classification and regression trees, bagging, and random forests},
  author = {C. Strobl and J. Malley and G. Tutz},
  journal = {Psychological Methods},
  year = {2009},
  number = {4},
  pages = {323--348},
  volume = {14},
  publisher = {American Psychological Association},
}

@Article{SuyTsai09,
  title = {Subgroup Analysis via Recursive Partitioning},
  author = {X. Su and C.-L. Tsai and H. Wang and D. M. Nickerson and B. Li},
  journal = {The Journal of Machine Learning Research},
  year = {2009},
  pages = {141--158},
  volume = {10},
  publisher = {JMLR. org},
}

@Article{SuyMasa11,
  title = {{Multiple imputation with diagnostics (mi) in R: Opening windows into the black box}},
  author = {Y.-S. Su and M. Yajima and A. E. Gelman and J. Hill},
  journal = {Journal of Statistical Software},
  year = {2011},
  number = {2},
  pages = {1--31},
  volume = {45},
}

@Article{SuyYaji11,
  title = {{Multiple imputation with diagnostics (mi) in R: Opening windows into the black box}},
  author = {Y.-S. Su and M. Yajima and A. E. Gelman and J. Hill},
  journal = {Journal of Statistical Software},
  year = {2011},
  number = {2},
  pages = {1--31},
  volume = {45},
}

@Article{SullyDuke99,
  title = {{Tutorial in biostatistics. An introduction to hierarchical linear modelling}},
  author = {L. M. Sullivan and K. A. Dukes and E. Losina},
  journal = {Statistics in Medicine},
  year = {1999},
  number = {7},
  pages = {855--888},
  volume = {18},
}

@Article{TanayHuba84,
  title = {Confirmatory Hierarchical Factor Analyses of Psychological Distress Measures},
  author = {J. S Tanaka and G. J. Huba},
  journal = {Journal of Personality and Social Psychology},
  year = {1984},
  number = {3},
  pages = {621--635},
  volume = {46},
}

@Manual{TheryAtki12,
  title = {rpart: Recursive partitioning and regression trees (Version 3.1-54)},
  author = {T. M. Therneau and B. Atkinson},
  year = {2012},
}

@Book{TheryAtki97,
  title = {{An introduction to recursive partitioning using the RPART routines}},
  author = {T. M. Therneau and E. J. Atkinson},
  publisher = {Technical Report 61, Section of Biostatisticsaddress-Mayo Clinic, Rochester},
  year = {1997},
  url = {http://www.mayo.edu/hsr/techrpt/61.pdf},
}

@Article{Thom11,
  title = {Termination Criteria for Computerized Classification Testing},
  author = {N. A. Thompson},
  journal = {Practical Assessment, Research \& Evaluation},
  year = {2011},
  number = {4},
  pages = {2},
  volume = {16},
}

@Article{Thom09,
  title = {{Item selection in computerized classification testing}},
  author = {N. A. Thompson},
  journal = {Educational and Psychological Measurement},
  year = {2009},
  number = {5},
  pages = {778--793},
  volume = {69},
  publisher = {SAGE Publications},
}

@Article{ThomyProm07,
  title = {A practitioner's guide for variable-length computerized classification testing},
  author = {N. A. Thompson and T. Prometric},
  journal = {Practical Assessment, Research \& Evaluation},
  year = {2007},
  number = {1},
  pages = {2},
  volume = {12},
}

@Article{ThomyHunt96,
  title = {Inside the Black Box of Alpha, Beta, and Gamma Change: Using a Cognitive-Processing Model to Assess Attitude Structure},
  author = {R. C. Thompson and J. G. Hunt},
  journal = {The Academy of Management Review},
  year = {1996},
  number = {3},
  pages = {655--690},
  volume = {21},
}

@Article{Tibs96,
  title = {Regression shrinkage and selection via the {L}asso},
  author = {R. Tibshirani},
  journal = {Journal of the Royal Statistical Society. Series B (Methodological)},
  year = {1996},
  pages = {267--2f88},
  publisher = {JSTOR},
}

@Article{UenoySong10,
  title = {Computerized Adaptive Testing Based on Decision Tree},
  author = {M. Ueno and P. Songmuang},
  journal = {{ICALT} 2010: 10th {IEEE} International {C}onference on {A}dvanced {L}earning {T}echnologies},
  year = {2010},
  pages = {191--193},
}

@Article{UheryFarm08,
  title = {Measuring depression: {C}omparison and integration of three scales in the {GENDEP} study},
  author = {R. Uher and A. Farmer and W. Maier and M. Rietschel and J. Hauser and A. Marusic and O. Mors and A. Elkin and R. J. Williamson and C. Schmael and N. Henigsberg and J. Perez and J. Mendlewicz and J. G. Janzing and A. Zobel and M. Skibinska and D. Kozel and A. S. Stamp and M. Bajs and A. Placentino and M. Barreto and P. McGuffin and K. J. Aitchison},
  journal = {Psychological Medicine},
  year = {2008},
  number = {2},
  pages = {289--300},
  volume = {38},
}

@Book{UKNa03,
  title = {{The UK National Screening Committee's criteria for appraising the viability, effectiveness and appropriateness of a screening programme}},
  author = {{UK National Screening Committee}},
  publisher = {HMSO},
  year = {2003},
  address = {London, UK},
}

@Article{BalkyOppe94,
  title = {A meta-analysis on the treatment of obsessive compulsive disorder: A comparison of antidepressants, behavior, and cognitive therapy},
  author = {A. J. L. M. {Van Balkom} and P. {van Oppen} and A. W. A. Vermeulen and R. {van Dyck} and M. C. E. Nauta and H. Vorst},
  journal = {Clinical Psychology Review},
  year = {1994},
  number = {5},
  pages = {359--381},
  volume = {14},
  publisher = {Elsevier},
}

@Article{NooryOpde05,
  title = {The Effects of Ignoring a Level in Multilevel Analysis},
  author = {W. {Van den Noortgate} and M. C. Opdenakker and P. Onghena},
  journal = {School Effectiveness and School Improvement},
  year = {2005},
  number = {3},
  pages = {281-203},
  volume = {16},
}

@Book{LindyGlas10,
  title = {Elements of Adaptive Testing},
  author = {W. J. {Van der Linden} and C. A. W. Glas},
  publisher = {Springer-Verlag},
  year = {2010},
}

@Article{VanVyDeBe07,
  title = {Het {M}ini {I}nternationaal {N}europsychiatrisch {I}nterview {(MINI)}. {E}en kort gestructureerd diagnostisch psychiatrisch interview voor {DSM-IV} en {ICD-10}-stoornissen. [{The Mini International Neuropsychiatric Interview (MINI). A short structured diagnostic psychiatric interview for DSM-IV and ICD-10 disorders}]},
  author = {I M {Van Vliet} and E. {De Beurs}},
  journal = {Tijdschrift voor Psychiatrie},
  year = {2007},
  number = {6},
  pages = {393--397},
  volume = {49},
}

@Article{VandyLanc00,
  title = {A Review and Synthesis of the Measurement Invariance Literature: Suggestions, Practices, and Recommendations for Organizational Research},
  author = {R. J. Vandenberg and C. E. Lance},
  journal = {Organizational Research Methods},
  year = {2000},
  number = {1},
  pages = {4--70},
  volume = {3},
}

@Article{VandySelf93,
  title = {Assessing newcomers' changing commitments to the organization during the first 6 months of work},
  author = {R. J. Vandenberg and R. M. Self},
  journal = {Journal of Applied Psychology},
  year = {1993},
  number = {4},
  pages = {557--568},
  volume = {78},
}

@Book{VenayRipl02,
  title = {Modern Applied Statistics with {S}},
  author = {W. N. Venables and B. D. Ripley},
  publisher = {Springer-Verlag},
  year = {2002},
  address = {New York},
  edition = {4th},
}

@Article{VittyClar05,
  title = {Multiple measures, methods, and moments: a factor-analytic investigation of change in depressive symptoms during acute-phase cognitive therapy for depression},
  author = {J. R. Vittengl and L. A. Clark and D. Kraft and R. B. Jarrett},
  journal = {Psychol Med},
  year = {2005},
  number = {5},
  pages = {693--704},
  volume = {35},
}

@Article{WadayTana07,
  title = {{Validity of the Center for Epidemiologic Studies Depression Scale as a screening instrument of major depressive disorder among Japanese workers}},
  author = {K. Wada and K. Tanaka and G. Theriault and T. Satoh and M. Mimura and H. Miyaoka and Y. Aizawa},
  journal = {American Journal of Industrial Medicine},
  year = {2007},
  number = {1},
  pages = {8--12},
  volume = {50},
  publisher = {John Wiley \& Sons},
}

@Book{Wain00,
  title = {Computerized Adaptive Testing: A Primer},
  author = {H. Wainer},
  publisher = {Lawrence Erlbaum Associates},
  year = {2000},
  address = {Mahwah, NJ},
  edition = {2nd},
}

@Article{Wain76,
  title = {Estimating coefficients in linear models: It don't make no nevermind.},
  author = {H. Wainer},
  journal = {Psychological Bulletin},
  year = {1976},
  number = {2},
  pages = {213},
  volume = {83},
  publisher = {American Psychological Association},
}

@Article{Walt07,
  title = {Development and evaluation of a computer adaptive test for '{A}nxiety' ({A}nxiety-{CAT})},
  author = {O. B. Walter and J. Becker and J. B. Bjorner and H. Fliege and B. F. Klapp and M. Rose},
  journal = {Quality of Life Research},
  year = {2007},
  pages = {143--155},
  volume = {16},
  publisher = {Springer-Verlag},
}

@Article{WaltyBeck07,
  title = {{Development and evaluation of a computer adaptive test for anxiety (Anxiety-CAT)}},
  author = {O. B. Walter and J. Becker and J. B. Bjorner and H. Fliege and B. F. Klapp and M. Rose},
  journal = {Quality of Life Research},
  year = {2007},
  pages = {143--155},
  volume = {16},
  publisher = {Springer-Verlag},
}

@Article{WangyLede08,
  title = {Symptomatic expression of depression among Jewish adolescents: effects of gender and age},
  author = {Y. P. Wang and L. P. Lederman and L. H. Andrade and C. Gorenstein},
  journal = {Soc Psychiatry Psychiatr Epidemiol},
  year = {2008},
  number = {1},
  pages = {79--86},
  volume = {43},
}

@InProceedings{WangyWitt97,
  title = {Inducing model trees for continuous classes},
  author = {Y. Wang and I. H. Witten},
  booktitle = {{Poster Papers of the 9th European Conference on Machine Learning (ECML 97)}},
  year = {1997},
  organization = {Prague, Czech Republic},
  pages = {128--137},
}

@Article{WardyPaje06,
  title = {Short-term prediction of mortality in patients with systemic lupus erythematosus: {C}lassification of outcomes using random forests},
  author = {M. M. Ward and S. Pajevic and J. Dreyfuss and J. D. Malley},
  journal = {Arthritis Care \& Research},
  year = {2006},
  number = {1},
  pages = {74--80},
  volume = {55},
  publisher = {John Wiley \& Sons},
}

@Article{WardyVeen10,
  title = {Development and validation of a 30-item short adaptation of the {M}ood and {A}nxiety {S}ymptoms {Q}uestionnaire ({MASQ})},
  author = {K. J. Wardenaar and T. {van Veen} and E. J. Giltay and E. de Beurs and B. W. J. H. Penninx and F. G. Zitman},
  journal = {Psychiatry Research},
  year = {2010},
  number = {1},
  pages = {101--106},
  volume = {179},
  publisher = {Elsevier},
}

@Article{WareyKosi03,
  title = {Applications of computerized adaptive testing ({CAT}) to the assessment of headache impact},
  author = {J. E. Ware Jr and M. Kosinski and J. B. Bjorner and M. S. Bayliss and A. Batenhorst and C. G. H. Dahl{\"o}f and S. Tepper and A. Dowson},
  journal = {Quality of Life Research},
  year = {2003},
  number = {8},
  pages = {935--952},
  volume = {12},
  publisher = {Springer-Verlag},
}

@Article{WareySher92,
  title = {{The MOS Short-Form Health Survey (SF-36): I. Conceptual framework and item selection}},
  author = {J. Ware and C. Sherbourne},
  journal = {Medical Care},
  year = {1992},
  number = {6},
  pages = {473--483},
  volume = {30},
}

@Misc{WatsyClar91,
  title = {{The Mood and Anxiety Symptom Questionnaire}},
  author = {D. Watson and L. A. Clark},
  year = {1991},
  address = {Iowa City},
  publisher = {University of Iowa, Department of Psychology},
  type = {Unpublished manuscript},
}

@Article{WatsyClar95b,
  title = {Testing a tripartite model: II. Exploring the symptom structure of anxiety and depression in student, adult, and patient samples.},
  author = {D. Watson and L. A. Clark and K. Weber and J. S. Assenheimer and M. E. Strauss and R. A. McCormick},
  journal = {Journal of Abnormal Psychology},
  year = {1995},
  number = {1},
  pages = {15--25},
  volume = {104},
  publisher = {American Psychological Association},
}

@Article{WatsyClar95a,
  title = {Testing a tripartite model: I. Evaluating the convergent and discriminant validity of anxiety and depression symptom scales.},
  author = {D. Watson and K. Weber and J. S. Assenheimer and L. A. Clark and M. E. Strauss and R. A. McCormick},
  journal = {Journal of Abnormal Psychology},
  year = {1995},
  number = {1},
  pages = {3--14},
  volume = {104},
  publisher = {American Psychological Association},
}

@Article{Weis82,
  title = {Improving measurement quality and efficiency with adaptive testing},
  author = {D. J. Weiss},
  journal = {Applied Psychological Measurement},
  year = {1982},
  number = {4},
  pages = {473--492},
  volume = {6},
  publisher = {Sage Publications},
}

@Article{WeisyKing05,
  title = {Application of computerized adaptive testing to educational problems},
  author = {D. J. Weiss and G. Kingsbury},
  journal = {Journal of Educational Measurement},
  year = {2005},
  number = {4},
  pages = {361--375},
  volume = {21},
  publisher = {John Wiley \& Sons},
}

@Article{WhityHans12,
  title = {Machine Learning Methods For Detecting Patterns Of Management Fraud},
  author = {D. G. Whiting and J. V. Hansen and J. B. McDonald and C. Albrecht and W. S. Albrecht},
  journal = {Computational Intelligence},
  year = {2012},
  number = {4},
  pages = {505--527},
  volume = {28},
  publisher = {John Wiley \& Sons},
}

@Article{WhooyAvin97,
  title = {{Case-finding instruments for depression: Two questions are as good as many}},
  author = {M. A. Whooley and A. L. Avins and J. Miranda and W. S. Browner},
  journal = {Journal of General Internal Medicine},
  year = {1997},
  number = {7},
  pages = {439--445},
  volume = {12},
  publisher = {Springer-Verlag},
}

@Article{WichyDola10,
  title = {{M}easurement {I}nvariance in {C}onfirmatory {F}actor {A}nalysis: An Illustration Using {IQ} Test Performance of Minorities},
  author = {J. M. Wicherts and C. V. Dolan},
  journal = {Educational Measurement: Issues and Practice},
  year = {2010},
  number = {3},
  pages = {39--47},
  volume = {29},
}

@Article{WidayFerr10,
  title = {Factorial Invariance within Longitudinal Structural Equation Models: Measuring the Same Construct across Time},
  author = {K. F. Widaman and E. Ferrer and R. D. Conger},
  journal = {Child Dev Perspect},
  year = {2010},
  number = {1},
  pages = {10--18},
  volume = {4},
}

@Article{WillyGibb92,
  title = {The structured clinical interview for {DSM-III-R} {(SCID)} {II}. Multisite test-retest reliability},
  author = {J. B. W. Williams and M. Gibbon and M. B. First and R. L. Spitzer and M. Davies and J. Borus and M. J. Howes and J. Kane and H. G. Pope Jr and B. Rounsaville and H. Wittchen},
  journal = {Archives of General Psychiatry},
  year = {1992},
  number = {8},
  pages = {630},
  volume = {49},
}

@Article{WillyHola94,
  title = {Parsimony-based fit indices for multiple-indicator models: Do they work?},
  author = {L. J. Williams and P. J. Holahan},
  journal = {Structural Equation Modeling},
  year = {1994},
  pages = {161--189},
  volume = {1},
}

@Article{Witt94,
  title = {Reliability and validity studies of the WHO-Composite International Diagnostic Interview (CIDI): A critical review},
  author = {H. U. Wittchen},
  journal = {Journal of Psychiatric Research},
  year = {1994},
  number = {1},
  pages = {57--84},
  volume = {28},
  publisher = {Elsevier},
}

@Article{WoodyWhit04,
  title = {Are Missing Outcome Data Adequately Handled? {A} Review of Published Randomized Controlled Trials in Major Medical Journals},
  author = {A. M. Wood and I. R. White and S. G. Thompson},
  journal = {Clinical Trials},
  year = {2004},
  number = {4},
  pages = {368--376},
  volume = {1},
  publisher = {SAGE Publications},
}

@Book{WHO97,
  title = {{Composite International Diagnostic Interview (CIDI): Version 2.1}},
  author = {{World Health Organization}},
  publisher = {World Health Organization},
  year = {1997},
  address = {Geneva},
}

@Book{WHO93,
  title = {The {ICD-10} classification of mental and behavioural disorders: Diagnostic criteria for research},
  author = {{World Health Organization}},
  publisher = {World Health Organization},
  year = {1993},
  address = {Geneva, Switzerland},
}

@Article{Wu10a,
  title = {Measurement Invariance and Latent Mean Differences of the {B}eck {D}epression {I}nventory {II} Across Gender Groups},
  author = {P.-C. Wu},
  journal = {Journal of Psychoeducational Assessment},
  year = {2010},
  number = {6},
  pages = {551--563},
  volume = {28},
}

@Article{Wu10b,
  title = {Differential Functioning of the Chinese Version of {B}eck {D}epression {I}nventory-{II} in Adolescent Gender Groups: Use of a Multiple-Group Mean and Covariance Structure Model},
  author = {P.-C. Wu},
  journal = {Social Indicators Research},
  year = {2010},
  pages = {535-550},
  volume = {96},
}

@Article{YanyLewi04,
  title = {Adaptive Testing With Regression Trees in the Presence of Multidimensionality},
  author = {D. Yan and C. Lewis and M. Stocking},
  journal = {Journal of Educational and Behavioral Statistics},
  year = {2004},
  number = {3},
  pages = {293--316},
  volume = {29},
  publisher = {Sage Publications},
}

@Article{YinyFan00,
  title = {Assessing the reliability of {B}eck {D}epression {I}nventory scores: {R}eliability generalization across studies},
  author = {P. Yin and X. Fan},
  journal = {Educational and Psychological Measurement},
  year = {2000},
  number = {2},
  pages = {201-223},
  volume = {60},
}

@Article{YoonyMill07,
  title = {Detecting Violations of Factorial Invariance Using Data-Based Specification Searches: A {M}onte {C}arlo Study},
  author = {M. Yoon and R. E. Millsap},
  journal = {Structural Equation Modeling: A Multidisciplinary Journal},
  year = {2007},
  number = {3},
  pages = {435--463},
  volume = {14},
}

@Article{Zeil05,
  title = {A Unified Approach to Structural Change Tests Based on {ML} Scores, {F} Statistics, and {OLS} Residuals},
  author = {A. Zeileis},
  journal = {Econometric Reviews},
  year = {2005},
  number = {4},
  pages = {445--466},
  volume = {24},
  publisher = {Taylor \& Francis},
}

@Article{ZeilyHorn07,
  title = {Generalized {M}-Fluctuation Tests for Parameter Instability},
  author = {A. Zeileis and K. Hornik},
  journal = {Statistica Neerlandica},
  year = {2007},
  number = {4},
  pages = {488--508},
  volume = {61},
  publisher = {John Wiley \& Sons},
}

@Article{ZeilyHoth08,
  title = {Model-Based Recursive Partitioning},
  author = {A. Zeileis and T. Hothorn and K. Hornik},
  journal = {Journal of Computational and Graphical Statistics},
  year = {2008},
  number = {2},
  pages = {492--514},
  volume = {17},
  publisher = {Taylor \& Francis},
}

@Book{ZeilyHoth06,
  title = {Evaluating Model-Based Trees in Practice},
  author = {A. Zeileis and T. Hothorn and K. Hornik},
  publisher = {WU Vienna University of Economics and Business},
  year = {2006},
  address = {Vienna},
  series = {Research Report Series / Department of Statistics and Mathematics},
  volume = {32},
}

@Article{ZhanyFokk11,
  title = {Measurement invariance of the {C}enter for {E}pidemiological {S}tudies {D}epression {S}cale {(CES-D)} among {C}hinese and {D}utch elderly},
  author = {B. Zhang and M. Fokkema and P. Cuijpers and J. Li and N. Smits and A. Beekman},
  journal = {BMC Medical Research Methodology},
  year = {2011},
  number = {1},
  pages = {74},
  volume = {11},
}

@Article{ZhouyWu02,
  title = {Ensembling neural networks: many could be better than all},
  author = {Z.-H. Zhou and J. Wu and W. Tang},
  journal = {Artificial Intelligence},
  year = {2002},
  number = {1},
  pages = {239--263},
  volume = {137},
  publisher = {Elsevier},
}

@Article{ZigmySnai83,
  title = {{The Hospital Anxiety and Depression Scale}},
  author = {A. Zigmond and R. P. Snaith},
  journal = {Acta Psychiatrica Scandinavica},
  year = {1983},
  number = {6},
  pages = {361--370},
  volume = {67},
  publisher = {John Wiley \& Sons},
}

@Article{ZouyHast05,
  title = {Regularization and variable selection via the elastic net},
  author = {H. Zou and T. Hastie},
  journal = {Journal of the Royal Statistical Society B},
  year = {2005},
  number = {2},
  pages = {301--320},
  volume = {67},
  publisher = {John Wiley \& Sons},
}

@Article{Zung65,
  title = {A Self-Rating Depression Scale},
  author = {W. W. K. Zung},
  journal = {Archives of General Psychiatry},
  year = {1965},
  pages = {63--70},
  volume = {12},
}
