@Misc{bateymeac12,
  title = {\pkg{lme4}: Linear Mixed-Effects Models Using \proglang{S}4 Classes},
  author = {D. Bates and M. Maechler and B. Bolker},
  note = {R package version 1.1-7},
  year = {2014},
  url = {http://CRAN.R-project.org/package=lme4},
}

@Book{breiyfrie84,
  title = {Classification and Regression Trees},
  author = {L. Breiman and J. Friedman and R. Olshen and C. Stone},
  publisher = {Wadsworth},
  year = {1984},
  address = {New York},
  doi = {10.2307/2530946},
}

@Book{brykyraud92,
  title = {{Hierarchical Linear Models: Applications and Data Analysis Methods}},
  author = {A. Bryk and S. Raudenbush},
  publisher = {Sage},
  year = {1992},
  address = {Newbury Park},
  doi = {10.2307/2075823},
}

@Article{cohe92,
  title = {A Power Primer},
  author = {J. Cohen},
  journal = {Psychological Bulletin},
  year = {1992},
  number = {1},
  pages = {155--159},
  volume = {112},
  doi = {10.1037//0033-2909.112.1.155},
}

@Article{coopypatt09,
  title = {The Relative Benefits of Meta-Analysis Conducted with  Individual Participant Data versus Aggregated Data},
  author = {H. Cooper and E. Patall},
  journal = {Psychological Methods},
  year = {2009},
  number = {2},
  pages = {165},
  volume = {14},
  doi = {10.1037/a0015565},
}

@Article{cuijyweit14,
  title = {Gender as Predictor and Moderator of Outcome in Cognitive  Behavior Therapy and Pharmacotherapy for Adult Depression:  An ``Individual-Patients Data'' Meta-Analysis},
  author = {P. Cuijpers and E. Weitz and J. Twisk and C. Kuehner and I. Cristea and D. David and R. DeRubeis and S. Dimidjian and B. Dunlop and M. Faramarzi and U. Hegerl and R. Jarrett and S. Kennedy and F. Kheirkhah and R. Mergl and J Miranda and D. Mohr and Z. Segal and J. Siddique and Simons D. and J. Vittengl and S. Hollon},
  journal = {Depression and Anxiety},
  year = {2014},
  number = {11},
  pages = {941--951},
  volume = {31},
  publisher = {John Wiley \& Sons},
  doi = {10.1002/da.22328},
}

@Article{doovyduss14,
  title = {A Comparison of Five Recursive Partitioning Methods to  Find Person Subgroups Involved in Meaningful  Treatment-Subgroup Interactions},
  author = {L. Doove and E. Dusseldorp and K. Deun and I. Mechelen},
  journal = {Advances in Data Analysis and Classification},
  year = {2014},
  pages = {403--425},
  volume = {8},
  issue = {4},
  publisher = {Springer-Verlag},
  doi = {10.1007/s11634-013-0159-x},
}

@Article{drieysmit14,
  title = {Differential Efficacy of Cognitive Behavioral Therapy and  Psychodynamic Therapy for Major Depression: {A} Study of  Prescriptive Factors},
  author = {E. Driessen and N. Smits and J. Peen and F. Don and S. Kool and D. Westra and M. Hendriksen and P. Cuijpers and J. Dekker and H. Van},
  journal = {Psychological Medicine},
  year = {2014},
  volume = {12},
  number = {3},
  pages = {324--335},
  doi = {10.1176/appi.focus.12.3.324},
}

@Article{dussymech14,
  title = {Qualitative Interaction Trees: A Tool to Identify  Qualitative Treatment-Subgroup Interactions},
  author = {E. Dusseldorp and I. Mechelen},
  journal = {Statistics in Medicine},
  year = {2014},
  number = {2},
  pages = {219--237},
  volume = {33},
  doi = {10.1002/sim.5933},
}

@Article{dussymeul04,
  title = {The Regression Trunk Approach to Discover Treatment  Covariate Interaction},
  author = {E. Dusseldorp and J. Meulman},
  journal = {Psychometrika},
  year = {2004},
  number = {3},
  pages = {355--374},
  volume = {69},
  publisher = {Springer-Verlag},
  doi = {10.1007/bf02295641},
}

@Misc{fokkyzeil15,
  title = {\pkg{glmertree}: Generalized Linear Mixed Model Trees},
  author = {M. Fokkema and A. Zeileis},
  note = {\proglang{R} package version 0.1-0},
  year = {2015},
  url = {http://R-Forge.R-project.org/R/?group_id=261},
}

@Article{fostytayl11,
  title = {Subgroup Identification from Randomized Clinical Trial  Data},
  author = {J. Foster and J. Taylor and S. Ruberg},
  journal = {Statistics in Medicine},
  year = {2011},
  number = {24},
  pages = {2867--2880},
  volume = {30},
  doi = {10.1002/sim.4322},
}

@Article{hajjybell11,
  title = {Mixed Effects Regression Trees for Clustered Data},
  author = {A. Hajjem and F. Bellavance and D. Larocque},
  journal = {Statistics \& Probability Letters},
  year = {2011},
  number = {4},
  pages = {451--459},
  volume = {81},
  publisher = {Elsevier},
  doi = {10.1016/j.spl.2010.12.003},
}

@Article{hami60,
  title = {A Rating Scale for Depression},
  author = {M. Hamilton},
  journal = {Journal of Neurology, Neurosurgery and Psychiatry},
  year = {1960},
  number = {1},
  pages = {56},
  volume = {23},
  doi = {10.1136/jnnp.23.1.56},
}

@Book{hastytibs09,
  title = {The Elements of Statistical Learning},
  author = {T. Hastie and R. Tibshirani and J. Friedman},
  publisher = {Springer-Verlag},
  year = {2009},
  address = {New York},
  edition = {2nd},
  doi = {10.1007/978-0-387-84858-7},
}

@Article{higgywhit01,
  title = {Meta-Analysis of Continuous Outcome Data from Individual  Patients},
  author = {J. Higgins and A. Whitehead and R. Turner and R. Omar and S. Thompson},
  journal = {Statistics in Medicine},
  year = {2001},
  number = {15},
  pages = {2219--2241},
  volume = {20},
  publisher = {John Wiley \& Sons},
  doi = {10.1002/sim.918},
}

@Article{hothyzeil15,
  title = {\pkg{partykit}: A Modular Toolkit for Recursive Partytioning  in \proglang{R}},
  author = {T. Hothorn and A. Zeileis},
  journal = {Journal of Machine Learning Research},
  year = {2015},
  note = {Forthcoming, preprint at \url{http://EconPapers.RePEc.org/RePEc:inn:wpaper:2014-10}},
}

@Article{koopyheij07,
  title = {{A Systematic Review of Analytical Methods Used to Study  Subgroups in (Individual Patient Data) Meta-Analyses}},
  author = {L. Koopman and G. Heijden and P. Glasziou and D. Grobbee and M. Rovers},
  journal = {Journal of Clinical Epidemiology},
  year = {2007},
  number = {10},
  volume = {60},
  doi = {10.1016/j.jclinepi.2007.01.018},
}

@Article{kreayfran06,
  title = {Moderators of Treatment Outcomes: Clinical, Research, and  Policy Importance},
  author = {H. Kraemer and E. Frank and D. Kupfer},
  journal = {Journal of the American Medical Association},
  year = {2006},
  number = {10},
  pages = {1286--1289},
  volume = {296},
  publisher = {American Medical Association},
  doi = {10.1001/jama.296.10.1286},
}

@Article{lipkydmit11,
  title = {Subgroup Identification Based on Differential Effect  Search -- {A} Recursive Partitioning Method for  Establishing Response to Treatment in Patient  Subpopulations},
  author = {I. Lipkovich and A. Dmitrienko and J. Denne and G. Enas},
  journal = {Statistics in Medicine},
  year = {2011},
  number = {21},
  pages = {2601--2621},
  volume = {30},
  publisher = {John Wiley \& Sons},
  doi = {10.1002/sim.4289},
}

@Article{merkyzeil13,
  title = {Tests of Measurement Invariance without Subgroups: A  Generalization of Classical Methods},
  author = {E. Merkle and A. Zeileis},
  journal = {Psychometrika},
  year = {2013},
  number = {1},
  pages = {59--82},
  volume = {78},
  publisher = {Springer-Verlag},
  doi = {10.1007/s11336-012-9302-4},
}

@Manual{r14,
  title = {\proglang{R}: A Language and Environment for Statistical Computing},
  address = {Vienna, Austria},
  author = {{\proglang{R} Core Team}},
  organization = {\proglang{R} Foundation for Statistical Computing},
  year = {2014},
  url = {http://www.R-project.org/},
}

@Unpublished{seibyzeil15,
  title = {Model-Based Recursive Partitioning for Subgroup Analyses},
  author = {H. Seibold and A. Zeileis and T. Hothorn},
  year = {2015},
  note = {Under review},
}

@Article{selaysimo12,
  title = {{RE-EM} Trees: A Data Mining Approach for Longitudinal and  Clustered Data},
  author = {R. Sela and J. Simonoff},
  journal = {Machine Learning},
  year = {2012},
  number = {2},
  pages = {169--207},
  volume = {86},
  doi = {10.1007/s10994-011-5258-3},
}

@Article{stroymall09,
  title = {An Introduction to Recursive Partitioning: Rationale,  Application, and Characteristics of Classification and  Regression Trees, Bagging, and Random Forests},
  author = {C. Strobl and J. Malley and G. Tutz},
  journal = {Psychological Methods},
  year = {2009},
  number = {4},
  pages = {323},
  volume = {14},
  doi = {10.1037/a0016973},
}

@Article{suytsai09,
  title = {Subgroup Analysis via Recursive Partitioning},
  author = {X. Su and C.-L. Tsai and H. Wang and D. Nickerson and B. Li},
  journal = {The Journal of Machine Learning Research},
  year = {2009},
  pages = {141--158},
  volume = {10},
  publisher = {JMLR. org},
  doi = {10.2139/ssrn.1341380},
}

@Article{nooryopde05,
  title = {The Effects of Ignoring a Level in Multilevel Analysis},
  author = {W. Noortgate and M. Opdenakker and P. Onghena},
  journal = {School Effectiveness and School Improvement},
  year = {2005},
  number = {3},
  pages = {281-203},
  volume = {16},
  doi = {10.1080/09243450500114850},
}

@Article{zeil05,
  title = {{A Unified Approach to Structural Change Tests Based on ML  Scores, $F$~Statistics, and OLS Residuals}},
  author = {A. Zeileis},
  journal = {Econometric Reviews},
  year = {2005},
  number = {4},
  pages = {445--466},
  volume = {24},
  doi = {10.1080/07474930500406053},
}

@Article{zeilyhorn07,
  title = {{Generalized M-Fluctuation Tests for Parameter  Instability}},
  author = {A. Zeileis and K. Hornik},
  journal = {Statistica Neerlandica},
  year = {2007},
  number = {4},
  pages = {488--508},
  volume = {61},
  doi = {10.1111/j.1467-9574.2007.00371.x},
}

@Article{zeilyhoth08,
  title = {Model-Based Recursive Partitioning},
  author = {A. Zeileis and T. Hothorn and K. Hornik},
  journal = {Journal of Computational and Graphical Statistics},
  year = {2008},
  number = {2},
  pages = {492--514},
  volume = {17},
  doi = {10.1198/106186008x319331},
}
