@Article{partykit:Zeileis+Hothorn+Hornik:2008,
  author	= {Achim Zeileis and Torsten Hothorn and Kurt Hornik},
  title		= {Model-Based Recursive Partitioning},
  journal	= {Journal of Computational and Graphical Statistics},
  year		= {2008},
  volume	= {17},
  number	= {2},
  pages		= {492--514},
  doi		= {10.1198/106186008X319331},
  pdf           = {http://statmath.wu-wien.ac.at/~zeileis/papers/Zeileis+Hothorn+Hornik-2008.pdf}
}

@Article{partykit:Hothorn+Hornik+Zeileis:2006,
    author = {Torsten Hothorn and Kurt Hornik and Achim Zeileis},
    title = {Unbiased Recursive Partitioning: A Conditional Inference
             Framework},
    journal = {Journal of Computational and Graphical Statistics},
    year = 2006,
    volume = 15,
    number = 3, 
    pages = {651--674},
    doi = {10.1198/106186006X133933},
    pdf = {http://statmath.wu-wien.ac.at/~zeileis/papers/Hothorn+Hornik+Zeileis-2006.pdf}
}

@Manual{partykit:RWeka,
  author = {Kurt Hornik and Achim Zeileis and Torsten Hothorn and Christian Buchta},
  title = {\pkg{RWeka}: An \proglang{R} Interface to \pkg{Weka}},
  year = 2009,
  note = {\proglang{R}~package version~0.3-16},
  url = {http://CRAN.R-project.org/package=RWeka}
}

@Manual{partykit:rpart,
    title = {\pkg{rpart}: Recursive Partitioning},
    author = {Terry M. Therneau and Beth Atkinson and Brian D. Ripley},
    year = {2009},
    note = {\proglang{R}~package version~3.1-42},
    url = {http://CRAN.R-project.org/package=rpart},
}

@Manual{partykit:party,
    title = {\pkg{party}: {A} Laboratory for Recursive Partytioning},
    author = {Torsten Hothorn and Kurt Hornik and Carolin Strobl and Achim Zeileis},
    year = {2009},
    url = {http://CRAN.R-project.org/package=party},
    note = {\proglang{R}~package version~0.9-995}
}

@Manual{partykit:mvpart,
    title = {\pkg{mvpart}: Multivariate Partitioning},
    author = {Glenn De'ath},
    year = {2007},
    url = {http://CRAN.R-project.org/package=mvpart},
    note = {\proglang{R}~package version~1.2-6}
}

@Manual{partykit:partykit,
    title = {\pkg{partykit}: A Toolkit for Recursive Partytioning},
    author = {Torsten Hothorn and Achim Zeileis},
    year = {2009},
    note = {\proglang{R}~package version~0.0-1},
    url = {http://R-Forge.R-project.org/projects/partykit/}
}
