@article{DussyMech14,
  title=    {Qualitative interaction trees: a tool to identify qualitative treatment--subgroup interactions},
  author=   {Dusseldorp, E. and Van Mechelen, I.},
  journal=  {Statistics in Medicine},
  volume=   {33},
  number=   {2},
  pages=    {219--237},
  year=     {2014},
  publisher={Wiley Online Library}
}

@article{DoovyDuss14,
  title=    {A comparison of five recursive partitioning methods to find person subgroups involved in meaningful treatment--subgroup interactions},
  author=   {Doove, L.L. and Dusseldorp, E. and Van Deun, K. and Van Mechelen, I.},
  journal=  {Advances in Data Analysis and Classification},
  pages=    {1--23},
  year=     {2014},
  publisher={Springer}
}

@article{DoovyVanB14,
  title=    {Recursive partitioning for missing data imputation in the presence of interaction effects},
  author=   {Doove, L.L. and Van Buuren, S. and Dusseldorp, E.},
  journal=  {Computational Statistics \& Data Analysis},
  volume=   {72},
  pages=    {92--104},
  year=     {2014},
  publisher={Elsevier}
}

@article{DussyMeul04,
  title=    {The regression trunk approach to discover treatment covariate interaction},
  author=   {Dusseldorp, E. and Meulman, J.J.},
  journal=  {Psychometrika},
  volume=   {69},
  number=   {3},
  pages=    {355--374},
  year=     {2004},
  publisher={Springer}
}

@article{DussyConv10,
  title=    {{Combining an additive and tree-based regression model simultaneously: STIMA}},
  author=   {Dusseldorp, E. and Conversano, C. and Van Os, B.J.},
  journal=  {Journal of Computational and Graphical Statistics},
  volume=   {19},
  number=   {3},
  pages=    {514--530},
  year=     {2010},
  publisher={Taylor \& Francis}
}

@article{SelaySimo12,
  title={{RE-EM trees: a data mining approach for longitudinal and clustered data}},
  author={Sela, R.J. and Simonoff, J.S.},
  journal={Machine Learning},
  volume={86},
  number={2},
  pages={169--207},
  year={2012},
  publisher={Springer}
}

@article{HajjyBell11,
  title=	{Mixed effects regression trees for clustered data},
  author=	{Hajjem, A. and Bellavance, F. and Larocque, D.},
  journal=	{Statistics \& Probability Letters},
  volume=	{81},
  number=	{4},
  pages=	{451--459},
  year=		{2011},
  publisher={Elsevier}
}

@incollection{Hox98,
  title=	{Multilevel modeling: When and why},
  author=	{Hox, J.},
  booktitle={Classification, data analysis, and data highways},
  pages=	{147--154},
  year=		{1998},
  publisher={Springer}
}

@article{SullyDuke99,
  title=    {{Tutorial in biostatistics. An introduction to hierarchical linear modelling}},
  author=   {Sullivan, L.M. and Dukes, K.A. and Losina, E.},
  journal=  {Statistics in Medicine},
  volume=   {18},
  number=   {7},
  pages=    {855--888},
  year=     {1999}
}

@article{ZeilyHoth08,
  title=    {Model-based recursive partitioning},
  author=   {Zeileis, A. and Hothorn, T. and Hornik, K.},
  journal=  {Journal of Computational and Graphical Statistics},
  volume=   {17},
  number=   {2},
  pages=    {492--514},
  year=     {2008},
  publisher={Taylor \& Francis}
}

@book{WuyZhan06,
  title={Nonparametric regression methods for longitudinal data analysis: mixed-effects modeling approaches},
  author={Wu, Hulin and Zhang, Jin-Ting},
  year={2006},
  publisher={John Wiley \& Sons},
  address={New York}
}

@article{FuySimo14,
    author =    {Fu, W. and Simonoff, J.},
    title =     {Unbiased Regression Trees for Longitudinal Data},
    year =      {February 11, 2014},
    journal =   {},
    volume =    {},
    number =    {},
    pages =     {},
    abstract =  {},
    keywords =  {},
    url=        {Available at SSRN: http://ssrn.com/abstract=2399976 or http://dx.doi.org/10.2139/ssrn.2399976},
    note=       {submitted},
}

@TechReport{TheryAtki97,
  author	= {Terry M. Therneau and Elizabeth J. Atkinson},
  title		= {An Introduction to Recursive Partitioning Using the {rpart} Routine},
  year		= {1997},
  type		= {Technical Report},
  number	= {61},
  institution	= {Section of Biostatistics, Mayo Clinic, Rochester},
  url		= {http://www.mayo.edu/hsr/techrpt/61.pdf}
}

@article{HothyHorn06,
  title=    {{Unbiased recursive partitioning: A conditional inference framework}},
  author=   {Hothorn, T. and Hornik, K. and Zeileis, A.},
  journal=  {Journal of Computational and Graphical Statistics},
  volume=   {15},
  number=   {3},
  pages=    {651--674},
  year=     {2006},
  publisher={Taylor \& Francis}
}

@article{FostyTayl11,
  title=    {Subgroup identification from randomized clinical trial data},
  author=   {Foster, J.C. and Taylor, J.M.G. and Ruberg, S.J.},
  journal=  {Statistics in Medicine},
  volume=   {30},
  number=   {24},
  pages=    {2867--2880},
  year=     {2011},
  publisher={Wiley Online Library}
}

@article{LipkyDmit11,
  title=    {{Subgroup identification based on differential effect search - A recursive partitioning method for establishing response to treatment in patient subpopulations}},
  author=   {Lipkovich, I. and Dmitrienko, A. and Denne, J. and Enas, G.},
  journal=  {Statistics in Medicine},
  volume=   {30},
  number=   {21},
  pages=    {2601--2621},
  year=     {2011},
  publisher={Wiley Online Library}
}

@article{SuyTsai09,
  title=    {Subgroup analysis via recursive partitioning},
  author=   {Su, X. and Tsai, C.-L. and Wang, H. and Nickerson, D.M. and Li, B.},
  journal=  {Journal of Machine Learning Research},
  volume=   {10},
  pages=    {141--158},
  year=     {2009},
  publisher={JMLR. org}
}

@TechReport{ZeilyHoth06,
  author	= {Achim Zeileis and Torsten Hothorn and Kurt Hornik},
  title		= {Evaluating Model-Based Trees in Practice},
  institution	= {Department of Statistics and Mathematics, 
                   Wirtschaftsuniversit\"at Wien,
		   Research Report Series},
  year		= {2006},
  type		= {Report},
  number	= {32},
  month	        = {April},
  url		= {http://epub.wu.ac.at/1484/}
}

@article{Frie93,
  title=	{Methods for pooled analyses of epidemiologic studies},
  author=	{Friedenreich, C.M.},
  journal=	{Epidemiology},
  volume=	{4},
  number=	{4},
  pages=	{295--302},
  year=		{1993},
  publisher={LWW}
}

@article{DersyLair86,
  title=	{Meta-analysis in clinical trials},
  author=	{DerSimonian, R. and Laird, N.},
  journal=	{Controlled Clinical Trials},
  volume=	{7},
  number=	{3},
  pages=	{177--188},
  year=		{1986},
  publisher={Elsevier}
}

@article{HiggyWhit01,
  title=    {Meta-analysis of continuous outcome data from individual patients},
  author=   {Higgins, J. and Whitehead, A. and Turner, R.M. and Omar, R.Z. and Thompson, S.G.},
  journal=  {Statistics in Medicine},
  volume=   {20},
  number=   {15},
  pages=    {2219--2241},
  year=     {2001},
  publisher={Wiley Online Library}
}

@article{KreayFran06,
  title=	{Moderators of treatment outcomes: clinical, research, and policy importance},
  author=	{Kraemer, H.C. and Frank, E. and Kupfer, D.J.},
  journal=	{Journal of the American Medical Association},
  volume=	{296},
  number=	{10},
  pages=	{1286--1289},
  year=		{2006},
  publisher={American Medical Association}
}

@article{KreayWisl02,
  title=	{Mediators and moderators of treatment effects in randomized clinical trials},
  author=	{Kraemer, H.C. and Wilson, G.T. and Fairburn, C.G. and Agras, W.S.},
  journal=	{Archives of General Psychiatry},
  volume=	{59},
  number=	{10},
  pages=	{877--883},
  year=		{2002},
  publisher={American Medical Association}
}

@article{KoopyHeij07,
    title =     {{A systematic review of analytical methods used to study subgroups in (individual patient data) meta-analyses}},
    author =    {Koopman, L. and Van der Heijden, G.J.M.G. and Glasziou, P.P. and Grobbee, D.E. and Rovers, M.M.},
    journal =	{Journal of Clinical Epidemiology},
    volume = 	{60},
    number = 	{10},
    year = 		{2007}
}

@article{LairyWare82,
  title=	{Random-effects models for longitudinal data},
  author=	{Laird, N.M. and Ware, J.H.},
  journal=	{Biometrics},
  pages=	{963--974},
  year=		{1982},
  publisher={JSTOR}
}

@misc{BrykyRaud92,
  title=	{{Hierarchical linear models: Applications and data analysis methods}},
  author=	{Bryk, A.S. and Raudenbush, S.W.},
  publisher={Sage, Newbury Park, CA},
  address=	{Newbury Park, CA},
  year=		{1992},
}

@misc{SelaySimo11,
  title=	{{REEMtree: Regression trees with random effects}},
  author=	{Sela, R.J. and Simonoff, J.S.},
  version=	{R package version 0.90.3},
  url=		{http://cran. r-project.org/web/packages/REEMtree/index. html},
  year=		{2011}
}

@Article{HothyZeil14,
    title = {{partykit}: A Modular Toolkit for Recursive Partytioning in {R}},
    author = {Hothorn, T. and Zeileis, A.},
    journal = {Journal of Machine Learning Research},
    year = 		{2015},
    note = 		{Accepted for publication, preprint at \url{http://EconPapers.RePEc.org/RePEc:inn:wpaper:2014-10}},
}

@Manual{R13,
   title = {R: A Language and Environment for Statistical Computing},
   author = {{R Core Team}},
   organization = {R Foundation for Statistical Computing},
   address = {Vienna, Austria},
   year = {2013},
   url = {http://www.R-project.org/},
}

@book{PinhyBate00,
  title=	{{Mixed-effects models in S and S-PLUS}},
  author=	{Pinheiro, J.C. and Bates, D.M.},
  year=		{2000},
  publisher={Springe-Verlag},
  address=	{Berlin, Germany}
}

@article{SuyMasa11,
  title=    {{Multiple imputation with diagnostics (mi) in R: Opening windows into the black box}},
  author=   {Su, Y.-S. and Yajima, M. and Gelman, A.E. and Hill, J.},
  journal=  {Journal of Statistical Software},
  volume=   {45},
  number=   {2},
  pages=    {1--31},
  year=     {2011}
}

@article{Zeil05,
  title=    {{A unified approach to structural change tests based on ML scores, F statistics, and OLS residuals}},
  author=   {Zeileis, A.},
  journal=  {Econometric Reviews},
  volume=   {24},
  number=   {4},
  pages=    {445--466},
  year=     {2005},
  publisher={Taylor \& Francis}
}

@article{WoodyWhit04,
  title=    {Are missing outcome data adequately handled? A review of published randomized controlled trials in major medical journals},
  author=   {Wood, A.M. and White, I.R. and Thompson, S.G.},
  journal=  {Clinical Trials},
  volume=   {1},
  number=   {4},
  pages=    {368--376},
  year=     {2004},
  publisher={SAGE Publications}
}

@article{BeckyWard61,
    author =    {Beck, A.T. and Ward, C.H. and Mendelson, M. and Mock, J. and Erbaugh, J.},
    title =     {An inventory for measuring depression},
    year =      {1961},
    journal =   {Archives of General Psychiatry},
    volume =    {4},
    number =    {},
    pages =     {561--571},
    abstract =  {},
    keywords =  {},
}

@article{Radl77,
    author =    {Radloff, L.S.},
    title =     {The {CES-D} scale: {A} self-report depression scale for research in the general population},
    year =      {1977},
    journal =   {Applied Psychological Measurement},
    volume =    {1},
    number =    {},
    pages =     {385--401},
    abstract =  {},
    keywords =  {},
}

@article{Scot88,
  title=    {Chronic depression.},
  author=   {Scott, J.},
  journal=  {The British Journal of Psychiatry},
  volume=   {153},
  number=   {3},
  pages=    {287--297},
  year=     {1988},
  publisher={RCP}
}

@article{FreuyShap99,
  title={A short introduction to boosting},
  author={Freund, Y. and Schapire, R.},
  journal={Journal of Japanese Society For Artificial Intelligence},
  volume={14},
  number={771-780},
  pages={1612},
  year={1999},
}

@Unpublished{DrieySmit14,
    author =    {Driessen, E. and Smits, N. and Peen, J. and Don, F.J. and Kool, S. and Westra, D. and Hendriksen, M. and Cuijpers, P. and Dekker, J.J.M. and Van, H.L.},
    year =      {2014},
    title =     {Differential efficacy of cognitive behavioral therapy and psychodynamic therapy for major depression: a study of prescriptive factors},
    note = {Manuscript under review},
}

@book{BreiyFrie84,
  author	= {Leo Breiman and Jerome H. Friedman and Richard A. Olshen and Charles J. Stone},
  title		= {Classification and Regression Trees},
  year		= {1984},
  publisher	= {Wadsworth},
  address	= {California} 
}

@Manual{R14,
  title = {R: A Language and Environment for Statistical Computing},
  author = {{R Core Team}},
  organization = {R Foundation for Statistical Computing},
  address = {Vienna, Austria},
  year = {2015},
  url = {http://www.R-project.org/},
}

@book{HastyTibs09,
  title=    {The Elements of Statistical Learning},
  author=   {Hastie, T. and Tibshirani, R. and Friedman, J. and Hastie, T. and Friedman, J.},
  edition=  {2nd},
  year=     {2009},
  publisher={Springer-Verlag},
  address=  {New York}
}

@Article{Simp51,
  Title                    = {The interpretation of interaction in contingency tables},
  Author                   = {Simpson, E.H.},
  Journal                  = {Journal of the Royal Statistical Society. Series B (Methodological)},
  Year                     = {1951},
  Pages                    = {238--241},
  Volume                   = {13},
  Numer                    = {2},
  Publisher                = {JSTOR}
}

@Article{ZeilyHorn07,
  Title                    = {{Generalized M-fluctuation tests for parameter instability}},
  Author                   = {Zeileis, A. and Hornik, K.},
  Journal                  = {Statistica Neerlandica},
  Year                     = {2007},
  Number                   = {4},
  Pages                    = {488--508},
  Volume                   = {61},
  Publisher                = {Wiley Online Library}
}

@Manual{R10,
  Title                    = {R: A Language and Environment for Statistical Computing},
  Address                  = {Vienna, Austria},
  Author                   = {{R Development Core Team}},
  Organization             = {R Foundation for Statistical Computing},
  Year                     = {2010},
  Url                      = {http://www.R-project.org}
}
